1862 2472
503 117 657 143 canunt
670 134 672 136 v
688 118 736 144 AD
763 116 918 144 cmm-r.
945 102 1178 146 naculum„
1518 112 1565 147 47

113 197 256 234 retinen.-
289 197 417 243 maxime
447 208 513 233 vero
534 200 601 245 jam
623 189 895 235 novo'detectantur
923 198 1105 241 testamento,
1139 197 1221 243 quod
1245 198 1301 234 isto
1324 209 1404 234 anno
1425 211 1445 234 a
1469 205 1497 235 te
1528 208 1569 236 est

80 267 82 269 ·
108 255 232 318 edincta.-
260 266 316 301 quo
334 257 405 292 mire
426 256 589 302 afficiuntur
609 258 749 299 mutieres,
778 256 878 302 multis
892 259 976 300 viris,
1000 259 1052 303 qui
1066 255 1125 292 sibi
1146 257 1233 292 scioli
1252 258 1394 299 videntur,
1418 257 1570 295 doctiores.

199 347 317 392 Neque
348 348 408 383 sibi
440 348 475 382 in
503 352 611 382 totum
638 348 837 392 temperavit
853 346 1000 383 Charitas
1037 359 1057 382 a
1080 349 1199 384 Latine
1230 350 1412 384 scribendo.
1466 350 1568 385 Dedit

107 413 188 438 sane
211 414 298 440 anno
317 406 405 438 ¹522
428 404 601 454 epistolam
631 404 672 439 ad
690 403 898 449 Hzeronynmm
914 404 1086 445 Emserum‚
1122 415 1207 449 quae
1236 407 1358 450 partim
1383 407 1568 442 vernaculo

108 461 231 505 partim
255 461 378 498 Latino
404 472 557 496 sermone
580 467 633 497 est
663 467 832 498 contexta.
889 462 1051 504 Querelas
1082 461 1232 497 continet
1261 463 1422 499 adversus
1445 474 1569 499 novam

108 516 234 553 Lutheri
248 519 445 558 doctrinam,
468 517 680 563 Norimbergae
694 525 767 553 tum
782 518 1049 553 invalescentem.
1094 520 1267 559 Hortatur,
1288 526 1326 555 ut
1341 520 1567 555 Lutlzeranismo

107 574 236 610 fortiter
259 586 296 610 se
319 582 478 619 opponat,
509 581 544 609 et
565 574 709 609 vindicet
732 573 900 618 religipnis
923 575 1062 615 veteris,
1095 568 1129 612 et
1151 577 1261 612 avitae
1284 577 1360 612 fidei
1380 579 1570 615 veritatem.

106 630 175 666 Vix
202 632 264 666 dici
287 637 399 677 potest
414 654 424 667 ,
466 636 627 676 quantam
660 636 831 675 propterea
853 630 1015 666 invidiam
1029 658 1038 671 ,
1076 643 1116 667 ac
1144 634 1361 668 offensionem
1391 635 1569 670 incurrerit

105 688 192 734 apud
215 686 498 734 Norimbergenses;
543 693 718 733 postquam
754 688 906 729 incaute,
949 688 1243 735 imprudenterque
1278 692 1462 728 abbat1ssae
1493 693 1565 738 epi-

106 746 227 780 stolam
255 746 291 780 in
321 746 439 789 vulgus
471 745 695 789 publicaverat
723 744 867 779 Emsems
946 745 1089 786 Utinam,
1123 748 1284 782 scribebat
1312 748 1485 783 Bilibaldus
1514 750 1557 784 ad

105 801 271 843 Emsmtm,
296 801 488 838 incendium
503 802 568 837 hoc
590 802 758 846 extinguere
770 799 875 836 damr!
909 798 947 836 Si
968 801 1060 836 solum
1073 800 1196 837 Senatus
1218 808 1339 839 taxatus
1362 817 1420 840 non
1434 807 1563 850 suisset:

106 870 152 894 res
172 859 268 903 fizcile
287 858 392 893 sedari
407 860 558 903 potuisset.
605 857 668 894 Sed
696 859 739 892 itu
761 858 834 902 sata
861 858 958 894 tulere.
1005 860 1131 894 Eadem
1154 861 1297 904 epistola
1319 862 1491 897 Bilibaldus
1513 865 1564 898 in-

106 916 205 955 dicat,
228 916 508 961 scriptiunculam,
533 926 634 960 quam
657 915 700 950 ad
716 926 753 949 se
769 914 997 949 excusandum
1021 918 1056 950 in
1069 916 1234 960 publicum
1257 918 1394 954 miserat
1407 919 1560 960 Emserus,

103 973 166 1008 sibi
195 973 383 1008 nullatenus
413 973 624 1008 satisfecisse.
700 963 844 1007 Tantum
874 972 985 1011 abest.
1017 977 1054 1007 ut
1088 972 1199 1007 labem
1229 973 1468 1019 imprudentis,
1501 977 1566 1012 im·

105 1030 253 1073 providi,
284 1035 321 1065 et
342 1030 489 1074 loquacis
518 1030 665 1064 hominis
687 1040 709 1064 a
731 1039 768 1064 se
791 1027 994 1064 absterserit.

195 1121 323 1156 Malum
359 1122 473 1161 auxit,
511 1120 704 1164 animosque
743 1111 994 1155 vehementius
1012 1120 1221 1155 exacerbavit
1257 1132 1464 1166 anonymus,
1506 1123 1568 1166 qui

50 1218 58 1223 ,
111 1175 273 1211 eharitatis
296 1177 339 1211 ad
362 1176 521 1210 Emserum
545 1176 733 1221 epistolam,
768 1175 922 1221 satyricis
943 1175 1210 1210 annotationibus
1234 1187 1447 1222 conspersam
1472 1178 1571 1212 undi-

107 1244 172 1282 que
201 1234 294 1279 typis
319 1234 470 1278 vulgavit
499 1234 563 1268 hoc
585 1233 703 1269 titulo:
740 1234 804 1269 Ein
824 1232 979 1273 Missive,
1010 1232 1089 1267 oder
1118 1232 1317 1275 Sendbrieff,
1350 1246 1388 1270 so
1419 1235 1474 1269 die
1497 1236 1565 1280 Eb-

105 1291 202 1337 tissin
225 1303 292 1326 von
315 1292 501 1336 Nfirmberg
523 1302 566 1326 an
587 1292 651 1327 den
674 1291 956 1327 hochberumbten
972 1291 1066 1326 Bock
1085 1290 1226 1335 Empser
1249 1292 1461 1336 geschrieben
1483 1292 1565 1327 hat.-

102 1348 169 1382 fast
189 1348 379 1392 ktinstlich,
414 1349 484 1384 und
505 1350 677 1392 geistlich:
699 1349 805 1384 auch
837 1354 898 1392 gut
929 1348 1096 1382 nunnisch
1126 1348 1295 1391 getichtet.
1331 1349 1378 1382 M.
1390 1350 1430 1383 D.
1441 1348 1562 1384 XXIII.

104 1403 321 1449 Wittenberg.
353 1414 386 1448 4.
447 1403 524 1439 Alia
558 1405 641 1439 mihi
671 1414 749 1449 prae
771 1404 922 1439 manibus
945 1409 996 1438 est
1019 1403 1120 1438 editio
1144 1404 1266 1447 absque
1288 1401 1457 1439 mentione
1479 1405 1559 1439 loci.

105 1461 225 1497 Annus
248 1468 359 1497 autem
383 1461 472 1497 hunc
503 1462 537 1496 in
563 1462 701 1497 modum
729 1468 782 1497 est
815 1462 1008 1497 adnotatus:
1050 1461 1092 1495 D.
1107 1460 1153 1496 M.
1168 1461 1287 1496 XXIII.
1335 1461 1432 1495 Char.
1457 1461 1559 1496 Goth.

104 1530 128 1563 4
142 1518 198 1554 fol.
220 1531 253 1563 4,
277 1519 428 1564 Epistola
452 1509 615 1553 v&raritatis
637 1520 684 1553 ita
706 1519 845 1554 desinit:
881 1518 999 1555 Valeat
1021 1518 1209 1553 veneranda
1232 1517 1413 1552 dominatio
1434 1523 1558 1557 vestra,

105 1577 140 1610 in
173 1564 280 1619 grafia
312 1576 410 1616 Dei„
433 1576 571 1621 perenni
601 1577 831 1621 prosperitate.
890 1576 944 1612 Ex
974 1575 1167 1619 Nurnberga
1205 1582 1300 1610 sexta
1332 1574 1420 1621 Junii
1457 1574 1560 1609 Anno

106 1632 154 1669 M.
166 1633 205 1667 D.
219 1632 336 1668 XXIII.
574 1658 576 1661 .

424 1688 468 1726 V.
514 1689 555 1725 R.
602 1690 642 1725 D.

583 1756 712 1785 Humilis
730 1756 799 1788 filia.
818 1764 903 1785 soror
920 1755 1060 1789 Charitas,
1080 1756 1110 1785 P.
1123 1756 1271 1792 Abbatissa
1290 1758 1400 1785 inutilis
1418 1762 1555 1784 sororum
1583 1791 1589 1793 p

805 1807 921 1831 sanctae
937 1802 1035 1832 Clarae
1053 1801 1246 1839 Nurnbergae.
1279 1819 1281 1821 >

130 1876 136 1881 ’
163 1922 177 1927 ,.
213 1878 409 1938 Quicunrjuc
445 1894 501 1930 his
535 1883 577 1929 de
605 1895 703 1930 rebus
737 1894 864 1939 plenius
904 1882 1001 1937 cupit
1030 1887 1176 1934 edoceri,·
1220 1891 1312 1936 legat
1347 1890 1411 1939 ffo-
1445 1890 1559 1927 Barth.

106 1949 484 1997 ¹RiedererffiNaelirichten
499 1962 558 1988 zur
572 1951 733 1989 Kirchen-
749 1952 817 1987 und
825 1939 1214 2036 Gelehrten-Gesschiclss
1229 1949 1253 1986 1.
1269 1949 1310 1986 B.
1324 1960 1356 1995 p.
1377 1961 1454 1995 ¹9¹·
1468 1959 1561 1994 seqq.
