1862 2472
237 27 280 61 ⁴⁶
779 29 886 60 ἰηιι.
913 35 956 60 11.
1005 34 1083 57 eu».
1109 34 1162 58 rx.

559 115 665 151 Dulce
688 116 836 150 solamen
859 114 944 149 mihi-
960 112 1098 159 epistola
1119 117 1200 147 mort

559 172 664 217 Virgo
687 173 846 207 reddebas
871 172 973 206 variis
995 170 1144 211 medelis,

558 230 654 270 Quae
676 229 762 264 mihi
781 219 1081 273 tristes‘pepulere,
1104 228 1255 275 et-acre's

833 277 835 279 ’
929 285 1043 320 Mente
1065 282 1207 318 dolores.
1573 292 1601 315 ο

565 376 654 411 Hinc
678 375 737 409 tibi
756 380 868 418 grates
893 377 1029 410 meritas
1050 374 1204 419 rependo,

565 432 672 476 Virgo
694 432 880 466 Germanae
904 432 1007 466 decus
1030 440 1130 480 omne
1151 435 1268 469 terrae,

568 487 708 524 Charitas
730 495 847 524 nostro
869 479 1045 524 recolenda
1070 496 1201 531 semper

845 547 853 552 '
930 546 1066 582 Pectore
1086 543 1209 587 Virgo!

470 633 542 669 Tuis
563 636 683 675 sanctis,
704 642 732 670 et
754 647 885 671 sororum
907 642 1022 672 tuarum
1043 630 1223 670 orationibus
1243 646 1288 670 me
1309 634 1480 670 commendo.

333 738 413 771 Erat
436 737 500 771 hoc
524 748 659 772 carmen
683 739 909 785 compositum
932 751 953 774 a
976 738 1055 774 Celte
1077 735 1166 774 anno
1185 740 1290 779 1'502,
1322 738 1498 782 obibatque
1520 737 1611 772 vices
1634 737 1701 782 epi-

238 793 363 833 stolae,
396 804 484 838 quae
512 795 733 831 comitaretur
764 797 998 832 munusculum
1023 797 1221 832 litterarium
1252 796 1526 842 (descriptionem
1550 795 1702 828 videlicet

237 849 463 894 Norimbergae‚
487 856 521 885 et
538 853 645 886 sancti
658 852 780 887 Sebaldi
804 854 1044 898 biographiam)
1069 856 1156 889 dono
1172 855 1287 894 datum
1303 851 1452 898 Charitati
1465 848 1701 886 Pircklleimerae·

238 907 370 943 Laudat
400 907 561 943 illustrem
585 909 758 953 Virginem
796 921 816 944 a
848 910 997 945 claritate
1026 911 1179 955 generis,
1222 917 1256 944 et
1292 909 1461 944 doctrinae
1490 908 1699 951 praestantia,

239 964 360 1007 quippe
384 974 470 1008 quae
492 965 536 998 sit
557 971 634 999 nata
657 973 794 1009 parente
816 966 946 1009 patricii
968 966 1109 1006 ordinis,
1140 966 1290 1013 erudito,
1322 965 1428 1009 perito
1449 963 1589 1008 jurium,
1612 964 1701 1009 prin-

239 1020 423 1065 cipumque
447 1021 592 1064 plurium
616 1022 819 1064 consiliario,-
845 1021 1047 1067 fratremque
1070 1023 1189 1056 habeat
1210 1020 1405 1060 Bilibaldum,
1427 1021 1543 1065 legum
1564 1028 1597 1056 et
1620 1021 1702 1066 juris

239 1076 530 1112 consultissimum
543 1103 551 1117 ‚
584 1079 730 1118 Graece,
764 1078 946 1122 Latineque
978 1080 1013 1113 in
1044 1079 1162 1123 primis
1192 1079 1350 1120 doctum;
1392 1088 1460 1122 quo
1493 1085 1702 1122 praeceptore

243 1132 384 1169 Charitas
406 1134 543 1169 feliciter
566 1135 678 1169 didicit
697 1135 866 1170 Romanas
882 1135 1027 1179 litteras;
1051 1141 1089 1170 ut
1110 1135 1311 1180 loqueretur,
1335 1134 1558 1178 scriberetque
1574 1135 1701 1171 Latine.

331 1237 369 1272 Id
390 1247 470 1272 vero
495 1238 654 1278 moleste,
684 1238 894 1284 graviterque
917 1238 995 1274 tulit
1017 1238 1190 1275 Bilibaldus
1212 1240 1327 1280 frater,
1359 1238 1448 1283 quod
1469 1236 1590 1277 sorori,
1622 1247 1704 1272 suae

240 1294 278 1329 in
307 1294 437 1328 Latinis
460 1294 581 1329 litteris
611 1296 812 1339 discipulae,
846 1303 1025 1339 postquam
1056 1297 1100 1330 ad
1122 1297 1306 1341 abbatissae
1336 1304 1463 1329 munus
1494 1298 1611 1327 vocata
1628 1299 1702 1345 est,

239 1350 470 1385 interdixerint
483 1349 686 1392 Franciscani,
710 1353 766 1397 qui
784 1352 999 1396 parthenonis
1015 1352 1102 1388 illius
1118 1363 1213 1388 sacra
1230 1351 1399 1390 curabant,
1409 1364 1411 1366 >
1421 1350 1551 1393 linguae
1566 1350 1703 1387 Latinae

240 1418 349 1441 usum.
400 1405 589 1448 charitatem,
614 1409 726 1444 scribit
748 1407 920 1444 Bilibaldus
945 1410 988 1444 ad
1011 1409 1119 1445 Celtem
1143 1421 1195 1445 an.
1215 1408 1320 1448 1504,
1345 1418 1471 1442 sororem
1497 1417 1588 1440 meam
1611 1407 1704 1443 abba-

239 1464 343 1496 tissam
366 1469 493 1497 creatam
514 1466 602 1498 scias.
648 1464 815 1503 Ξυλοποὸες
844 1477 913 1499 vero
942 1467 1002 1510 ipsi
1032 1465 1198 1506 inhibuisse,
1227 1478 1262 1501 ne
1278 1463 1403 1511 posthac
1424 1462 1532 1499 Latine
1550 1464 1704 1503 scriberet:

240 1518 307 1554 vide
329 1521 533 1562 temeritatem„
548 1534 585 1556 ne
606 1521 713 1565 dicam,
738 1523 897 1567 nequitiam
919 1521 1074 1558 hominum.

337 1623 413 1658 Etsi
431 1634 513 1659 vero
537 1635 558 1658 a
570 1623 690 1660 Latine
712 1627 883 1661 scribendo
906 1627 1073 1671 prohibita
1086 1627 1187 1662 fuerit
1202 1627 1298 1662 docta
1313 1625 1496 1661 abbatissa:
1524 1635 1545 1658 a
1563 1619 1703 1656 lectione

245 1685 359 1718 tamen
382 1693 524 1727 operum
547 1682 751 1723 Latinorum,
776 1683 953 1728 praecipue
976 1684 1018 1717 ab
1035 1683 1167 1716 Erasmo
1189 1682 1353 1717 editorum
1376 1692 1413 1715 se
1436 1692 1503 1715 non
1525 1677 1700 1716 abstinuit5

244 1739 525 1781 quemadmodum
556 1739 663 1775 elucet
688 1750 731 1775 ex
753 1740 893 1786 epistola
915 1737 1066 1775 Bilibaldi
1094 1750 1146 1775 an.
1175 1739 1258 1773 1516
1293 1739 1335 1775 ad
1355 1737 1534 1773 Erasmum:
1621 1734 1704 1768 “tant

245 1798 283 1833 te,
311 1794 429 1840 inquit,
459 1797 589 1841 geminae
618 1808 696 1832 meae
724 1809 853 1839 sorores,
889 1797 1039 1833 abbatissa
1067 1803 1184 1834 sanctae
1208 1796 1315 1832 Clarae
1337 1806 1413 1834 una:
1452 1796 1485 1831 al
1597 1788 1600 1791 ’
1639 1789 1703 1825 dem

244 1851 377 1897 regulae,
408 1854 440 1888 ia
461 1854 557 1890 eodem
577 1855 767 1897 monasterio,
802 1853 896 1890 Clara
917 1855 1087 1903 appellata.-
1126 1864 1199 1902 quae
1222 1850 1337 1893 assidue
1359 1859 1411 1890 tua
1433 1854 1545 1899 scripta
1572 1845 1709 1897 mam'bu!
