1862 2472
647 145 694 172 nn
718 143 965 173 nomme*
991 144 1176 173 turn-us.
1594 141 1642 181 ω

181 231 315 271 donare,
336 237 437 275 quem
457 227 493 264 in
507 232 699 274 perpetuam
721 229 770 265 rei
792 225 992 266 memoriam
1013 221 1233 267 asservarent.
1280 229 1380 266 Pueri
1402 235 1485 267 tunc
1505 230 1641 279 ingenui

182 296 281 334 snper
301 293 445 334 quatuor
466 287 569 325 millia
582 288 756 326 numerati
777 287 906 325 sueref‘

267 356 339 395 Ubi
363 356 597 404 capite'decimo
615 357 793 394 disseritur
815 359 857 394 de
879 356 991 394 Norici
1013 363 1151 393 senatus
1174 369 1253 395 cura
1277 360 1312 394 in
1335 360 1550 397 recondendo
1572 362 1643 399 sru-

180 420 310 459 mento,
340 422 379 453 ut
400 422 549 463 tempora
577 417 763 462 ingruentis
786 416 969 461 pennuriae
998 421 1171 461 suppetam
1207 417 1308 454 refert
1331 416 1440 455 Celtis,
1473 419 1642 461 frumenta

180 477 341 510 annorum
372 480 525 518 centum,
560 479 595 511 et
627 473 868 521 quinquaginta
899 473 1013 510 haberi
1041 473 1077 509 in
1104 472 1321 510 frumentario
1349 475 1492 521 publico.
1544 478 1644 519 Quod

179 542 255 568 cum
277 533 409 568 audiret
421 531 771 570 Maximitianusfdum
793 537 865 568 erat
880 530 1114 577 Norimbergae,
1134 534 1353 579 tenderatque
1371 545 1391 568 e
1409 532 1529 569 Gallico
1551 535 1642 571 bello

177 589 212 625 in
226 589 426 628 Pafinoniam,
450 595 489 625 ut
513 590 576 626 sibi
600 601 643 625 ex
666 600 707 625 eo
729 589 898 624 frumento
918 590 1106 637 pinseretur
1128 591 1232 637 panis,
1258 591 1365 638 petiit.
1412 591 1518 628 Addit
1538 590 1642 634 attis,

177 648 280 683 etiarn
311 659 350 683 se
377 646 465 691 apud
488 646 651 688 amicum,
685 651 720 682 et
749 646 915 693 hospitem
939 658 1037 684 suum
1061 645 1217 684 schaldum
1233 648 1418 690 clamosum,
1452 650 1645 688 istiusmodi

176 715 297 750 panem
321 705 523 749 degustasse.

269 773 558 813 Quemadmodum
587 773 801 818 magnificum
824 778 879 810 est
907 775 1078 811 exordium
1107 775 1206 821 hujus
1236 775 1336 812 libelli
1343 786 1354 819 ,·
1390 776 1438 811 ita
1461 775 1571 822 prius,
1600 780 1640 811 et

176 842 252 866 cum
274 836 364 870 voto,
388 843 427 866 ac
449 832 599 877 precibus
621 831 819 876 conjunctus
843 832 929 868 finis.
1671 831 1677 838 ”

266 889 448 933 Postquam
472 889 579 934 capite
601 888 705 922 ultimo
724 880 1010 933 depraedicaverat
1031 888 1164 924 felicem
1187 895 1314 924 sortem
1338 889 1503 932 civitatis,
1530 896 1636 935 atquo

174 945 369 991 reipublicae
392 943 665 996 Norimbergmsis,
689 946 826 981 coelesti
848 946 963 992 fayore
984 945 1188 984 immissam,
1219 951 1299 980 tunc
1322 946 1357 980 in
1380 948 1518 982 modum
1542 948 1635 982 finit:

174 1004 286 1045 Quam
308 1003 433 1039 Urbem
455 1009 617 1043 vestram,
642 1013 767 1049 precor.
789 1002 946 1044 faustam,
969 1002 1118 1043 felicem,
1142 1000 1361 1047 stabilemque
1384 1003 1440 1039 Dii
1461 1003 1637 1039 immorta-

173 1062 232 1100 les,
257 1061 386 1097 urbium
410 1072 449 1096 ac
472 1062 621 1096 locorum
645 1060 834 1097 antistites,
859 1066 894 1095 et
917 1061 1006 1105 genii
1031 1060 1214 1105 indigetes,
1239 1066 1275 1096 et
1295 1060 1497 1105 hospitales,
1522 1061 1582 1095 diu
1601 1061 1641 1095 in

172 1118 331 1155 felicitate
352 1130 422 1159 sua,
459 1119 490 1154 si
512 1118 594 1164 quid
617 1130 659 1154 ex
676 1117 747 1153 voti
769 1117 881 1154 nostri
902 1118 1148 1163 nuncupatione
1171 1118 1218 1153 illi
1239 1118 1388 1154 accidere
1411 1123 1532 1163 potest,
1556 1130 1637 1153 con-

173 1181 319 1216 servent,
344 1182 379 1209 et
399 1181 575 1224 tueantur:
595 1172 672 1208 >dum
693 1179 773 1209 rotat
785 1179 876 1208 *asem
896 1175 985 1218 polus
991 1186 1004 1211 ;
1024 1175 1144 1216 feriunt
1164 1174 1234 1207 dum
1253 1174 1356 1207 littora
1378 1176 1467 1208 venti.

263 1254 425 1290 Historici
448 1254 548 1300 hujus
571 1253 670 1290 libelli
693 1252 845 1290 exhibuit
869 1251 961 1288 Celtis
989 1253 1061 1298 ipse
1090 1253 1252 1299 synopsin
1283 1253 1475 1298 quampiam
1506 1252 1542 1290 in
1565 1253 1633 1288 eri-

171 1311 254 1347 stico
280 1312 336 1347 illo
359 1312 524 1353 carmine,
556 1317 595 1348 ut
619 1312 825 1353 ostenderet,
858 1316 1020 1357 quantum
1042 1310 1078 1347 in
1099 1306 1156 1346 iilo
1178 1310 1380 1347 conficiendo
1403 1311 1631 1348 desudaverit.

170 1370 221 1406 Ita
244 1381 322 1407 vero
344 1373 452 1407 canit:
626 1382 629 1384 ·

493 1428 582 1464 Nam
604 1427 704 1473 longa
731 1428 816 1463 bene
837 1426 1066 1461 lucubratione

491 1485 663 1531 Descripsi
685 1484 844 1521 Herciniae
867 1495 975 1529 vagos
998 1493 1162 1524 recessus,

490 1543 615 1579 Urbem
637 1554 715 1579 cum
736 1542 867 1589 populo,
892 1552 1036 1587 suosque
1057 1551 1183 1582 mores,

491 1601 612 1641 Artes,
642 1601 791 1641 moenia,
824 1599 989 1645 porticus,
1016 1603 1051 1633 et
1073 1599 1173 1640 aedes

488 1657 651 1695 Privatas,
674 1657 873 1701 Superisque
896 1657 1075 1695 dedicatas,

487 1714 533 1751 Et
556 1714 629 1760 quis
653 1713 799 1760 publicus
821 1723 904 1748 usus
926 1712 1120 1757 interesset;

487 1772 514 1808 F
516 1779 630 1813 entes,
657 1780 691 1808 et
713 1773 802 1813 fora,
834 1773 958 1817 plateas
978 1775 1013 1805 et
1029 1771 1159 1810 hortos,

488 1831 534 1868 Et
557 1842 643 1877 quae
666 1831 761 1868 stella
788 1840 886 1867 suam
910 1828 1039 1865 videret
1061 1828 1177 1864 urbem
1229 1848 1255 1855 s

488 1890 543 1923 Ad
564 1890 833 1937 perpendiculum
850 1888 966 1932 jacens
987 1887 1149 1930 nitorem:

487 1945 553 1980 Hic
575 1956 710 1981 amnem
730 1946 852 1981 celeres
873 1949 969 1979 rotas
992 1944 1162 1982 citantem,

487 2002 684 2048 Quantaque
704 2010 775 2040 arte
798 2005 832 2039 in
854 2001 947 2038 varia
971 2001 1104 2037 metalla
1126 1997 1235 2035 cudat.
1268 2051 1319 2085 6*
