1862 2472
218 143 265 178 52
776 153 850 181 mn.
873 152 916 174 11.
960 150 1043 178 cn.
1068 136 1141 175 vu.¹

222 244 303 270 nona
326 238 361 270 et
384 231 562 269 duodecima.
611 230 700 266 Celtis
721 238 823 263 manu
845 238 906 264 sua
930 227 1108 274 supplevit,
1132 226 1344 272 marginique
1366 221 1630 269 addiditwertidm
1650 238 1687 270 et

221 305 341 329 nonam.
390 289 599 325 Duodecimum
625 293 752 326 autem,
784 295 870 330 quae
893 285 1023 331 incipit:
1058 283 1188 320 Euxino
1210 285 1305 319 visam
1326 289 1461 330 percitus
1476 283 1601 335 ,κραυγῇ
1629 298 1684 329 212,

224 351 289 385 alia
311 360 430 384 manus
453 349 570 383 allevit
619 344 712 378 Unde
735 342 927 388 conjectura
946 348 1010 383 est,
1035 353 1111 377 esse
1128 340 1402 388 Norimbergemem
1423 348 1572 385 codicem
1595 351 1688 395 Prius

229 414 422 445 exaratum,
446 406 545 449 quam
569 400 673 437 suerit
696 394 786 438 edita
809 401 894 436 haec
918 399 1010 435 Celtis
1037 398 1222 435 oeconomia.

718 609 1014 653 CAPUT
1077 610 1193 654 V11.

627 714 828 753 CONRADI
857 716 1010 752 CELTIS
1041 714 1267 755 PROTUCIL

418 794 607 824 ozanam,
633 795 909 819 mensu-onus
931 794 1096 819 nmmos
1122 793 1265 818 rotun
1288 793 1489 826 nument,

251 876 314 914 DE
337 875 539 917 ORIGINE,
567 876 688 917 st,
719 874 941 915 MORIBU&
977 886 1025 911 m·
1056 874 1299 912 INSTlTUTIS
1322 875 1653 916 NORIMBERGAE

847 943 1074 978 LIBELLUS.

766 1047 1157 1063 οοοοοοοοοοοοοοοοοοοοοοοοοοοοοοοοο

334 1158 477 1195 Celticum
507 1160 575 1196 hoc
604 1161 802 1207 opusculum
835 1160 963 1197 variam
994 1160 1160 1195 fortunam
1192 1159 1323 1195 subiit>
1364 1158 1494 1197 Ansam
1525 1163 1692 1202 scribendi

227 1218 374 1262 praebuit
406 1218 525 1253 civitas
541 1217 694 1257 ,Noricam
734 1220 790 1264 ubi
823 1230 922 1264 saepe
953 1219 1158 1261 libenterque
1190 1215 1281 1251 Celtis
1314 1220 1512 1255 morabatur.
1582 1223 1691 1262 Quem
1749 1222 1756 1225 ’

228 1272 405 1319 Ingolstadii
427 1275 616 1311 absolverat
638 1268 804 1318 libellum',
827 1276 863 1311 in
884 1276 1001 1311 itinere
1022 1270 1182 1321 perdidit,
1207 1285 1287 1309 cum
1310 1274 1345 1310 in
1370 1287 1411 1310 eo
1435 1283 1508 1313 erat
1531 1284 1571 1314 ut
1594 1291 1693 1316 sena-

225 1332 274 1365 tui
298 1330 438 1367 offerret.
485 1334 652 1377 Jaeturam
675 1334 743 1369 suis
767 1346 810 1368 ex
832 1333 1042 1377 adversariis,
1068 1339 1105 1367 ut
1125 1333 1244 1377 potuit,
1268 1335 1509 1377 compensavit,
1531 1337 1692 1382 misitque

226 1386 457 1431 Norimbergam
489 1390 685 1433 opusculum
720 1402 764 1424 ex
794 1389 938 1424 residuis
970 1389 1165 1432 fragmentis
1200 1396 1362 1424 renatum.
1417 1391 1528 1425 -Haec
1558 1394 1693 1436 quidem

223 1444 408 1478 edocemur
431 1442 644 1488 potissimum
674 1456 718 1480 ex
741 1445 889 1490 epistolis
916 1441 1007 1479 Celtis
1038 1444 1079 1478 ad
1101 1441 1259 1478 schaldum
1284 1443 1468 1485 clamosum,
1499 1457 1582 1491 quas
1604 1449 1694 1485 dabi-

224 1511 301 1538 mus
324 1500 360 1536 in
382 1498 565 1547 Appendice.

320 1583 449 1617 Placuit
470 1582 608 1618 Senatui
638 1595 761 1619 munus
792 1584 1009 1626 litterarIum,
1039 1577 1207 1629 jussitque
1232 1582 1316 1621 verti
1348 1584 1383 1623 in
1410 1596 1598 1621 sermonem
1622 1599 1694 1623 ver-

227 1639 396 1679 naculum,
422 1646 459 1675 ut
481 1647 596 1685 posset
619 1641 839 1686 plurimorum
856 1653 932 1677 esse
955 1642 1041 1681 usui,
1066 1642 1152 1686 quod
1176 1642 1211 1676 in
1230 1640 1361 1676 laudem
1385 1641 1475 1677 cedit
1499 1643 1695 1689 reipublicae

228 1695 496 1740 NorimL-crgensis.
542 1701 726 1744 Utrumque
749 1701 928 1745 exemplar,
949 1695 1018 1736 tam
1042 1700 1209 1738 Latinum,
1233 1709 1336 1743 quam
1351 1699 1598 1740 Germanicum,
1624 1712 1693 1736 ser-

229 1755 323 1789 vavit
353 1753 411 1788 diu
445 1752 641 1788 bibliotheca
669 1755 924 1799 Norimbergemis
954 1756 1092 1799 publica.
1165 1756 1322 1790 Testatur
1352 1765 1433 1789 sane
1466 1753 1695 1802 Christophoms

234 1809 401 1851 Ammius,
437 1810 597 1846 dlaconus
629 1808 674 1845 ad
692 1809 728 1846 S.
752 1811 907 1852 Mariam,
930 1817 977 1846 et
1000 1812 1163 1857 professor
1185 1809 1399 1856 Nor-imbergae
1433 1812 1467 1847 in
1494 1813 1632 1859 epistola
1651 1817 1699 1853 ad»

238 1875 423 1904 senatorem
452 1866 729 1913 Norimbcrgensem
766 1880 854 1904 anno
890 1870 993 1909 1673,
1033 1880 1071 1904 se
1112 1870 1147 1904 in
1178 1870 1266 1905 dicta
1294 1868 1492 1905 bibliotheca
1527 1872 1698 1918 exemplar

239 1929 413 1969 utrumque
435 1926 566 1967 vidisse,
587 1925 744 1972 junctum
768 1926 803 1961 in
823 1927 939 1963 eodem
962 1926 1145 1968 volumine,
1168 1926 1222 1962 his
1244 1927 1287 1962 ad
1300 1926 1426 1962 calcem
1445 1927 1556 1964 Latini
1578 1936 1696 1968 textus

238 1982 409 2025 adscriptis
434 1985 560 2019 verbis:
594 1983 681 2020 Finis
705 1982 796 2020 libelli
816 1982 853 2019 de
874 1987 943 2027 situ,
966 1987 1109 2028 instincto,
1133 1991 1162 2022 et
1180 1984 1308 2024 moribm
1326 1983 1550 2031 Norimhergae,
1564 1987 1697 2032 selim
