1862 2472
230 190 275 224 40
774 198 846 226 tu.
872 189 917 225 11‘.
972 201 1046 229 car.
1071 200 1141 227 vu.

315 280 404 317 Esse
425 281 514 317 hunc
534 280 575 315 de
586 275 786 324 Norimberga
805 279 955 316 libellum
974 278 1144 325 specimen
1164 277 1342 325 quodpiam
1356 278 1532 319 Germaniae
1553 280 1684 324 illucue·

219 344 286 380 tae,
315 349 415 384 quam
438 340 550 374 crebro
579 336 748 382 pollicitus
778 345 831 373 est
857 336 964 380 Celtis,
1001 337 1038 372 in
1059 337 1126 383 fine
1152 337 1254 384 primi
1277 338 1395 383 capitis
1425 342 1566 391 ipsemet
1594 351 1691 391 asse-

221 403 317 434 verat
338 396 432 432 hisce
456 396 579 433 verbis:
602 395 800 437 „Libentius
825 395 925 442 hujus
948 397 995 431 rei
1019 396 1268 442 (describendae
1291 394 1419 435 scilicet
1440 396 1688 447 Norimbergae·)

220 455 390 501 assumpsi
411 454 638 500 provinciam
664 460 826 500 tanquam
848 454 1055 501 praeludium
1068 455 1252 509 quoddam.
1277 461 1311 491 et
1333 454 1475 500 ingenii
1481 457 1688 507 experimen-

221 521 317 556 tum,
349 520 429 548 ante
452 513 636 548 editionem
667 512 830 548 illustratae
856 511 1051 554 Germaniae,
1087 523 1171 558 quae
1193 514 1229 549 in
1252 513 1404 550 manibus
1426 517 1496 553 est,
1519 513 1689 550 benevolis

222 572 401 609 lectoribus
439 571 760 616 praemittendumss
819 570 932 616 Atque
961 572 1025 607 hoc
1057 569 1149 606 Celtis
1188 572 1342 616 exemplo
1378 576 1516 606 testatur
1546 568 1693 606 Eobams

222 629 338 665 Hcssus
361 639 400 662 se
424 640 498 663 esse
522 629 709 662 animatum
732 628 776 662 ad
798 630 1072 664 conscribendam
1092 628 1238 664 civitatis
1263 627 1395 663 Noricae
1421 627 1615 668 historiam,
1641 632 1691 667 ut,

224 687 316 732 quod
341 684 432 719 altis
456 683 641 719 doctissimus
677 684 825 729 quondam
845 687 909 728 vir,
946 698 983 721 ac
1005 686 1235 732 elegantissimas
1257 691 1346 732 poeta
1368 685 1515 731 prosaico
1539 695 1692 721 sermone

223 743 359 783 extulit,
384 742 526 777 metrico
550 744 620 788 ipse
644 744 922 789 complecteretur
934 756 944 788 ;
976 745 1068 780 velut
1090 744 1159 779 fere
1179 744 1324 789 loquitur
1345 744 1380 778 in
1403 743 1545 788 epistola
1568 755 1692 779 nuncu-

221 802 354 847 patoria
389 801 433 835 ad
456 800 625 835 Consules
660 808 695 836 et
725 802 890 839 Senatum
921 803 1067 847 inclytae
1097 800 1244 837 civitatis
1273 793 1509 846 Nori'mbergae‚
1545 800 1692 847 praefixa·

225 858 365 896 carmini
389 856 525 892 heroico
550 857 593 892 de
615 856 828 904 Norimberga.
1235 880 1238 882 -

250 991 257 1001 ,
318 956 497 1001 Superest,
529 961 569 991 ut
591 954 758 991 editiones
781 956 879 1002 hujus
900 956 1001 993 libelli
1023 956 1217 1001 divulgatus
1237 953 1329 1001 typis
1349 955 1549 992 indicemus:

316 1048 424 1083 Prima
454 1049 590 1094 quidem
621 1048 724 1084 editio
748 1049 940 1103 comparuit
963 1046 1195 1095 Norimbergae,
1228 1048 1383 1100 adjuncta
1407 1037 1500 1085 libris
1522 1046 1692 1085 Amorum

226 1118 317 1142 anno
345 1107 445 1142 1502.
492 1118 526 1150 4.
546 1106 625 1152 maj.

319 1195 454 1231 Secunda
476 1202 530 1231 est
551 1197 810 1241 Hagenaviensis:
841 1197 954 1232 studio
982 1196 1133 1231 Francisci
1155 1197 1281 1237 Irenici,
1305 1201 1433 1233 attexta
1456 1196 1595 1242 Exegesi
1617 1194 1696 1232 Ger-

224 1254 339 1290 maniae
355 1265 409 1291 an.
423 1255 521 1288 1518.
539 1253 623 1295 Fol.,
650 1254 829 1299 impensas
836 1253 1031 1288 conferente
1051 1252 1185 1288 Antonio
1193 1252 1368 1300 Koburgm
1387 1254 1516 1291 munita
1528 1253 1697 1291 LeonisX.

228 1312 349 1353 Bulla,
381 1312 499 1356 nequis
522 1313 680 1348 recudere
703 1311 812 1350 ausit,
835 1310 1001 1346 intentato
1022 1312 1251 1353 anathemate.

267 1401 273 1405 ’
326 1402 427 1437 Tertia
450 1400 742 1447 Francosordiensit,
767 1403 929 1438 adornata
951 1413 971 1437 a
996 1400 1162 1445 Gotdasto,
1186 1401 1286 1448 atq'ue
1307 1402 1398 1438 illata
1421 1402 1573 1449 operibus
1595 1403 1699 1439 histo-

227 1459 305 1496 ricis
328 1459 479 1495 Bitibatdi
496 1458 702 1494 Pirckheimeri
727 1471 780 1495 an.
809 1462 910 1495 1610.
955 1460 1028 1494 Fol.

326 1550 445 1597 Quarta
468 1550 690 1599 Hanaviensis,
730 1558 867 1585 recusae
889 1546 1025 1592 Exegesi
1050 1542 1225 1584 Germaniae
1248 1547 1357 1585 Franc.
1376 1546 1485 1583 Irenici
1507 1548 1617 1584 denuo
1640 1549 1699 1585 ad-

227 1608 352 1653 juncta,
381 1619 434 1644 an.
466 1610 565 1643 1728.
611 1607 686 1648 1²01.

324 1698 545 1734 Commentitiae
564 1703 678 1734 autem
702 1696 867 1733 editiones
891 1700 991 1732 suntt
1032 1697 1066 1735 1)
1085 1695 1255 1732 Parmensis
1277 1708 1329 1733 an.
1348 1696 1463 1738 1494,
1487 1695 1582 1743 cujus
1605 1707 1699 1733 men-

232 1756 362 1791 tionem
383 1756 463 1791 facit
485 1755 523 1791 P.
540 1755 622 1790 Asso
645 1757 680 1792 in
702 1756 792 1792 Hist.
818 1754 1057 1800 typographiae
1080 1754 1266 1797 Pannonis,
1295 1756 1469 1801 deceptus,
1500 1761 1539 1790 ut
1558 1755 1699 1794 videtur,

234 1825 254 1848 a
278 1811 423 1848 Sauberto
448 1813 731 1858 Norimbergensi.
781 1811 820 1856 2)
842 1811 1021 1846 Basileensis
1040 1824 1093 1847 an.
1116 1814 1214 1854 1567,
1239 1823 1341 1860 quam
1363 1813 1502 1849 adducit
1516 1810 1700 1847 Hummelim

235 1882 265 1916 p.
289 1882 361 1907 ιοι.
392 1871 454 1910 IX..
475 1870 525 1907 St.
554 1871 640 1907 Neu.
662 1869 820 1906 Biblioth.
843 1870 915 1905 selt.
931 1870 1067 1906 Bucher.
