1862 2472
225 93 280 138 ki-
803 107 880 137 ma.
908 103 952 137 ir.
982 105 1091 138 'cnz'
1106 113 1159 137 rx.

315 194 346 230 E
373 192 568 229 diverticulo
587 184 643 227 'aa
672 197 807 237 carmen
830 190 933 228 celtis.
982 183 1087 228 Dubio
1114 193 1225 233 ‘caree
1250 185 1464 231 'asservatum
1486 193 1582 234 mua,
1616 198 1686 230 m.

221 253 393 295 ditumque
418 250 509 295 typis
526 249 631 285 fuisse
653 261 675 286 a
690 243 900 296 Christo-phora
922 249 1089 290 Schera-lio,
1112 247 1380 294 Norimbergensi,
1402 252 1528 295 patritii
1551 252 1685 293 ordinis,

224 311 280 354 qui
300 308 488 343 studiorum
508 318 608 343 causa
631 319 737 344 annos
756 309 870 353 plures
888 309 1078 344 versabatur
1101 308 1188 353 apud
1212 308 1320 343 italos.
1369 306 1467 343 Anno
1482 311 1586 350 150⁶·
1609 319 1688 344 cum

220 371 310 402 esset
332 364 527 401 Bononiensis
551 366 653 401 studii
677 364 837 412 Syndicw,
871 361 1044 401 constituit
1067 376 1150 410 opus
1174 365 1337 410 quoddam
1356 362 1550 401 litterarium
1573 360 1688 402 'Chari-

218 424 295 463 ton',
327 422 382 458 cui
405 428 476 458 erat
503 423 672 459 amicitia.
697 430 732 457 et
754 423 928 468 sanguinis
951 418 1195 468 propinquitate
1209 416 1424 468 conjunctus,
1447 422 1482 457 in
1506 432 1589 457 suae
1609 433 1689 469 erga

219 491 297 517 eam
322 481 569 521 observantiae,
601 481 753 526 gratique
783 480 888 516 animi
911 474 1199 520 testificationem,
1229 490 1435 526 nuncupare.
1479 479 1532 515 En
1556 490 1631 516 eam
1654 481 1690 517 in

220 549 293 587 rem
328 538 429 574 verba
455 535 618 573 &henniis
666 531 801 584 „Coepi
826 549 895 583 ,ego
921 537 992 583 jam
1025 538 1152 574 dudum
1187 528 1354 583 cogitare,
1394 537 1550 584 quidnam
1581 538 1626 573 ad
1655 544 1691 574 te

222 596 422 635 scriberem,
445 596 605 639 religione
629 601 706 637 tua,
731 603 767 631 et
788 607 844 631 me
866 596 1021 639 dignum,
1054 605 1120 639 quo
1140 594 1308 630 amicitiae
1332 601 1426 635 tuae,
1458 595 1566 639 magis
1589 599 1691 638 atque

224 652 337 698 magis
361 650 558 694 insinuarer,
583 658 619 689 et
641 653 711 694 tibi,
736 654 825 698 quod
848 652 890 688 de
904 663 959 687 me
982 653 1125 696 ingenue
1145 651 1262 691 sentis,
1286 657 1321 687 et
1339 645 1516 698 magnifice
1536 650 1689 697 loqueris,

226 710 370 755 gratiam
390 709 556 744 referrem.
605 711 829 744 Occurrerunt
858 708 940 743 mihi
965 708 1128 752 quaedam
1150 709 1325 753 epistolae,
1347 704 1431 751 {non
1461 710 1506 744 ad
1532 707 1691 749 Ciceronis,

224 767 285 802 sed
307 767 351 802 ad
377 764 487 800 Christi
510 765 654 811 Optimi,
678 765 821 801 Maximi
845 766 949 801 vitam
972 758 1185 812 pertinentes.
1232 764 1362 810 Collegi
1383 765 1471 811 apud
1493 765 1693 802 ecclesiasti-

223 835 288 859 cos
310 824 462 858 doctores
487 824 636 859 maxima
654 825 820 869 quaedam
844 824 1033 860 commoda.
1059 834 1144 868 quae
1168 835 1210 858 ex
1228 823 1398 859 auditione
1412 821 1540 863 Missae,
1563 828 1600 857 et
1618 834 1693 858 ora·

225 880 318 915 tione
351 890 411 924 pro
441 877 605 916 defunctis
633 881 871 926 assequimur:
916 890 1001 924 quae
1035 880 1149 915 omnia
1179 870 1215 915 in
1244 890 1347 915 unum
1377 879 1526 916 libellum
1560 880 1690 925 redegi:

228 938 288 982 qui
311 942 351 972 ut
376 936 557 982 injustam
586 937 853 983 magnitudinem
883 944 1087 973 excresceret
1102 964 1111 978 ,
1140 938 1289 973 subnexa
1319 943 1399 974 sunt
1428 937 1587 974 nonnulla
1616 932 1694 978 alia,

224 995 269 1029 ab
284 994 438 1029 instituto
462 1002 576 1031 nostro
599 1006 667 1030 non
682 995 808 1032 aliena:
833 1006 918 1040 quae
942 1002 979 1030 ut
1003 995 1093 1031 brevi
1109 995 1253 1031 lectione
1276 994 1432 1039 digneris,
1454 1000 1489 1030 et
1510 995 1589 1031 boni
1611 1006 1693 1030 con-

225 1052 335 1092 sulas,
368 1058 403 1087 te
431 1053 535 1087 etiam
564 1058 665 1096 atque
688 1052 791 1087 etiam
815 1045 915 1097 rogo,
952 1053 1162 1096 obsecroque.
1210 1052 1303 1088 Vale.
1362 1050 1515 1086 Bononiae
1538 1051 1692 1087 Calendis

224 1107 442 1153 Septembris,
463 1119 553 1144 anno
572 1108 691 1143 salutis
714 1114 812 1143 sexto
830 1117 933 1152 supra
955 1109 1171 1143 millesimum
1194 1106 1534 1153 quingentesimumf‘

325 1222 465 1267 Sylloge
489 1221 741 1267 opusculorum,
771 1232 873 1267 quam
898 1220 1047 1257 morituti
1075 1223 1201 1258 dicavit
1223 1221 1408 1259 Schmtm.
1439 1223 1526 1258 hanc
1554 1222 1697 1268 praefert

229 1279 470 1324 syngraphen:
494 1278 648 1323 Epistola
670 1279 716 1312 D.
732 1277 866 1314 Scheurli
888 1280 930 1314 ad
956 1278 1136 1314 Charilatm
1154 1278 1406 1315 Pir-chimeram.
1453 1280 1598 1315 Carmen
1608 1278 1696 1315 -Con-

225 1333 295 1370 radi
316 1333 408 1370 Celtis
430 1335 473 1370 ad
496 1336 647 1371 eandem.
698 1337 847 1382 Epistola
868 1336 964 1372 Pilati
987 1338 1031 1372 ad
1058 1335 1206 1373 merium
1228 1337 1432 1374 Caesarem„
1465 1337 1614 1382 Epistola
1627 1333 1695 1371 ὢ-

226 1392 299 1436 gari
329 1392 373 1426 ad
394 1389 511 1438 jesum
541 1392 759 1427 Salvatorem.
823 1393 973 1437 Epistola
1002 1396 1211 1438 responsoria
1238 1395 1283 1428 ad
1304 1393 1472 1438 Abgarum.
1528 1392 1696 1428 utilitates

226 1447 356 1483 Mssae.
406 1448 605 1494 Exemplum
628 1448 745 1485 Aeneae
762 1447 863 1495 Sylvii
892 1451 933 1486 de
954 1450 1118 1487 vendente
1139 1449 1281 1486 Missam.
1336 1450 1505 1487 utilitates
1535 1449 1697 1485 orationis

225 1517 282 1551 pro
302 1505 456 1552 defunctis.
490 1507 692 1553 Exemplum
714 1508 900 1553 pulchrum,
925 1509 1012 1555 quod
1029 1508 1171 1553 contigit
1184 1508 1354 1544 Bononiae.>
1393 1508 1594 1553 Sequentia:
1617 1507 1696 1543 Dies

226 1564 299 1601 irae.
347 1564 493 1600 Carmen
515 1565 559 1601 ad
581 1566 699 1603 divum
724 1563 982 1613 Cluimphomm
1021 1566 1157 1612 Absque
1180 1566 1301 1609 indicio
1321 1565 1346 1603 l;
1370 1570 1406 1601 et
1421 1576 1454 1602 a.
1484 1565 1541 1602 fol.
1557 1573 1590 1607 8.
1610 1566 1646 1601 in
1660 1576 1695 1610 4.

323 1667 375 1702 Ac
396 1669 431 1701 in
446 1669 511 1702 ista
530 1671 663 1713 quidem
682 1672 914 1716 opusculorum
933 1671 1135 1710 collectione,
1159 1671 1317 1705 adornata
1331 1680 1353 1703 a
1367 1667 1528 1706 Scheurlio,
1551 1667 1695 1711 primam

233 1721 338 1758 Celtici
360 1723 460 1766 hujus
477 1725 633 1760 carminis
656 1727 834 1760 editionem
855 1728 1081 1771 comparuisse
1095 1726 1297 1771 judicamus,
1321 1734 1480 1760 excusam
1503 1723 1605 1769 typis,
1630 1721 1695 1757 Bo-

230 1782 334 1815 noniae
368 1793 457 1817 anno
486 1782 583 1818 1506.
636 1782 755 1827 Neque
784 1782 874 1817 enim
909 1782 1137 1818 arbitrandum
1167 1787 1236 1822 est,
1267 1783 1371 1817 missa
1402 1782 1490 1817 dono
1519 1780 1622 1816 fuisse
1652 1790 1693 1815 ea

232 1840 408 1883 opuscula,
433 1839 562 1875 calamo
586 1845 731 1875 exorata.
778 1839 865 1881 Quid
886 1839 977 1876 enirn
1000 1850 1138 1875 necesse
1156 1839 1291 1881 fuisset,
1312 1839 1490 1874 adnectere
1508 1838 1599 1874 odae
1618 1836 1695 1872 Cel-¹

231 1896 318 1931 ticae
336 1898 507 1944 exemplar
528 1898 780 1948 apographipn:
803 1908 880 1934 cum
906 1896 1048 1935 Charitas
1070 1897 1215 1938 dudum,
1237 1903 1272 1934 et
1294 1897 1371 1934 inde
1391 1897 1434 1933 ab
1455 1896 1554 1932 annis
1575 1895 1694 1932 decem

232 1952 407 1990 habuisset
427 1955 519 1991 Celtis
541 1956 817 2002 autographum?
863 1956 993 1999 Quodsi
1023 1966 1104 1994 vera
1124 1955 1252 1998 forent,
1282 1965 1369 2001 quae
1398 1952 1523 1991 Wuim
1550 1954 1587 1990 in
1609 1953 1696 1992 Lex!
