1862 2472
205 214 279 246 vos
307 205 483 246 monitos
506 203 706 251 νοιιιιυιιε,
733 199 838 253 quod
859 206 907 241 ut
930 196 1163 254 foequenter
1185 208 1263 241 vos
1283 202 1451 247 monere
1474 200 1671 257 solemus,

200 268 259 308 ita
286 279 480 319 nunquam
506 266 630 305 menti
657 272 813 304 vestrae
839 263 1008 316 imisque
1032 265 1278 316 ¹praecordiis
1313 270 1423 308 omni
1455 282 1545 310 cum
1579 281 1673 310 cura

203 329 398 371 insinuare
436 327 770 369 intermittemus„
823 325 924 366 Cum
960 326 1147 381 principis
1184 328 1291 368 enim
1323 331 1556 373 memoriam
1590 344 1673 374 non

204 391 321 433 facile
348 403 530 444 usurpare
554 389 736 443 possitiS,
764 388 858 441 quin
886 397 927 430 et
956 391 1105 441 patriae
1130 391 1413 441 memineritis,
1439 402 1556 446 atque
1582 407 1672 435 cum

201 454 384 496 Rectoris
412 452 536 492 nostri
561 451 940 504 magnificentissimi
966 464 1170 494 memores
1198 466 1289 495 esse
1316 454 1544 507 nequeatis,
1578 457 1674 508 quin

203 518 319 557 vobis
357 515 605 564 studiorum,
637 515 797 568 ,quibus
840 514 1020 567 ejusdem
1067 517 1248 570 auspiciis
1290 517 1331 556 in
1369 518 1440 558 hac
1477 518 1674 559 academia

200 580 363 627 vacatis,
390 578 615 619 recordatio
642 577 903 621 obversetur:
935 579 1012 619 hoc
1038 580 1161 631 agite,
1187 579 1354 632 juvenes
1381 580 1603 630 lectissimi,
1632 582 1673 622 in

199 643 275 683 hoc
308 653 451 682 omnes
481 653 632 682 nervos
667 642 884 691 intendite,
921 651 965 683 ut
998 654 1074 683 nec
1107 643 1196 684 huic
1230 643 1473 692 academiae,
1508 657 1584 685 nec
1610 644 1675 685 aii-

198 706 351 757 quando
383 704 531 756 patriae
561 705 706 744 deesse
734 705 961 745 videamini.
1014 704 1159 755 Neque
1186 706 1314 745 minus
1340 706 1417 745 hoc
1444 707 1563 746 vobis
1589 720 1676 759 per-

196 780 354 808 suasum
381 767 453 814 sit,
486 765 819 813 Commilitones‚
853 766 893 805 id
920 777 1040 805 unum
1068 777 1170 805 nunc
1197 765 1334 814 vobis,
1372 776 1530 818 praeter
1555 768 1677 810 hone-

197 830 308 870 statis
336 830 530 878 studium,
570 836 612 869 et
629 828 895 881 ¹praecipuum
931 840 1022 868 esse
1057 829 1400 877 contendendum,-
1433 837 1477 869 ut
1508 830 1677 882 optimis
1710 840 1717 856 ³

197 892 345 933 artibus
379 902 422 933 et
454 890 670 944 disciplinis
709 891 826 943 plane
860 890 1117 940 imbuamini,
1155 892 1262 943 quod
1295 891 1331 930 si
1366 891 1442 932 rite
1475 889 1675 942 feceritis,

195 955 419 1009 periculum
454 966 538 995 non
572 962 654 1002 est,
689 965 743 994 ue
776 954 930 1006 quando
966 966 1055 995 cum
1080 953 1170 997 huic
1196 963 1355 996 nostrae
1381 954 1555 1008 patriae,
1591 964 1676 997 tum

198 1019 389 1059 universo
422 1018 560 1068 generi
596 1016 770 1056 humano
805 1017 1014 1057 utilitatem
1053 1025 1096 1057 et
1128 1016 1246 1057 decus
1284 1014 1425 1058 afferre
1459 1020 1679 1070 nequeatis.

198 1080 248 1124 Id
273 1083 403 1137 ipsum
432 1089 475 1122 et
505 1078 652 1122 Rector
671 1088 818 1130 *noster
842 1078 1254 1132 magnificentissimus
1280 1091 1355 1121 vos
1381 1088 1559 1132 satagere
1585 1094 1684 1134 pro-y

200 1145 264 1187 cul
290 1144 411 1184 dubio
433 1143 571 1194 jubet,
604 1144 665 1181 cui
693 1143 799 1182 nulia
826 1138 898 1182 alia
924 1143 1120 1193 remagis
1148 1142 1387 1193 obsequium
1414 1152 1457 1182 et
1483 1144 1675 1195 pietatem

202 1216 373 1249 vestram
409 1204 578 1260 probare
619 1205 816 1258 potestis;
854 1213 972 1257 atque
1007 1204 1062 1245 ita
1098 1204 1283 1247 tandem
1294 1204 1411 1245 vobis
1450 1205 1677 1258 continget,

203 1271 392 1323 siquando
426 1281 476 1311 ex
508 1268 645 1309 umbra
676 1269 837 1309 scholae
871 1268 913 1308 in
945 1268 1075 1309 solem
1110 1276 1152 1315 et
1183 1268 1393 1339 pulverem
1424 1269 1677 1321 prodieritis,

198 1333 318 1382 iliud,
358 1333 465 1386 quod
497 1331 682 1381 Tacitus,
726 1329 977 1385 gravissimus
1010 1339 1178 1380 auctor,
1217 1330 1264 1371 iis
1303 1331 1380 1384 qui
1405 1342 1592 1384 reguntur
1629 1342 1675 1375 ut

199 1396 392 1448 optimum
429 1394 535 1435 factu
567 1395 776 1444 significat,
810 1396 947 1443 „inter
979 1395 1181 1445 abruptam
1213 1394 1498 1433 contumaciam
1532 1404 1574 1435 et
1607 1396 1688 1445 ‘le-⁴

195 1456 328 1502 forme
348 1457 586 1510 obsequium
605 1468 773 1508 pergere
792 1456 890 1506 iter,
917 1454 1131 1497 ambitione
1151 1463 1194 1496 et
1213 1455 1400 1508 periculis
1420 1454 1675 1508 vacuum.“*)

264 1595 294 1630 ’2
321 1595 429 1625 Annal.
452 1595 514 1626 Lib.
532 1593 589 1629 lv.
609 1602 669 1632 cap.
688 1596 735 1626 20.
