<?xml version="1.0" encoding="UTF-8"?>
<!DOCTYPE html PUBLIC "-//W3C//DTD XHTML 1.0 Transitional//EN"
    "http://www.w3.org/TR/xhtml1/DTD/xhtml1-transitional.dtd">
<html xmlns="http://www.w3.org/1999/xhtml" xml:lang="en" lang="en">
 <head>
  <title>
</title>
<meta http-equiv="Content-Type" content="text/html;charset=utf-8" />
  <meta name='ocr-system' content='tesseract 3.04.00' />
  <meta name='ocr-capabilities' content='ocr_page ocr_carea ocr_par ocr_line ocrx_word'/>
</head>
<body>
  <div class='ocr_page' id='page_1' title='image "./4627539_0021.png"; bbox 0 0 1862 2472; ppageno 0'>
   <div class='ocr_carea' id='block_1_1' title="bbox 241 136 1158 174">
    <p class='ocr_par' dir='ltr' id='par_1_1' title="bbox 241 136 1158 174">
     <span class='ocr_line' id='line_1_1' title="bbox 241 136 1158 174; baseline -0.002 -3"><span class='ocrx_word' id='word_1_1' title='bbox 241 136 289 171; x_wconf 67' lang='lat'>3⁸</span> <span class='ocrx_word' id='word_1_2' title='bbox 793 144 865 169; x_wconf 75' lang='grc' dir='ltr'>ιη.</span> <span class='ocrx_word' id='word_1_3' title='bbox 893 145 939 171; x_wconf 71' lang='lat' dir='ltr'>rr.</span> <span class='ocrx_word' id='word_1_4' title='bbox 982 143 1063 174; x_wconf 66' lang='lat' dir='ltr'>cn.</span> <span class='ocrx_word' id='word_1_5' title='bbox 1088 144 1158 169; x_wconf 83' lang='lat' dir='ltr'>vn.</span> 
     </span>
    </p>
   </div>
   <div class='ocr_carea' id='block_1_2' title="bbox 236 218 1703 677">
    <p class='ocr_par' dir='ltr' id='par_1_2' title="bbox 236 218 1703 677">
     <span class='ocr_line' id='line_1_2' title="bbox 332 218 1697 273; baseline -0.001 -12"><span class='ocrx_word' id='word_1_6' title='bbox 332 226 429 268; x_wconf 88' lang='lat' dir='ltr'>Quae</span> <span class='ocrx_word' id='word_1_7' title='bbox 449 225 556 268; x_wconf 84' lang='lat' dir='ltr'>capite</span> <span class='ocrx_word' id='word_1_8' title='bbox 576 224 661 259; x_wconf 75' lang='lat' dir='ltr'>tertia</span> <span class='ocrx_word' id='word_1_9' title='bbox 687 222 729 257; x_wconf 86' lang='lat' dir='ltr'>de</span> <span class='ocrx_word' id='word_1_10' title='bbox 752 221 910 265; x_wconf 74' lang='lat' dir='ltr'>Herciniae</span> <span class='ocrx_word' id='word_1_11' title='bbox 931 221 1050 266; x_wconf 77' lang='lat' dir='ltr'><strong>sylvae</strong></span> <span class='ocrx_word' id='word_1_12' title='bbox 1073 218 1537 269; x_wconf 71' lang='lat' dir='ltr'>amplitudine‘adducunmr,</span> <span class='ocrx_word' id='word_1_13' title='bbox 1572 226 1697 273; x_wconf 71' lang='lat' dir='ltr'>nescio,</span> 
     </span>
     <span class='ocr_line' id='line_1_3' title="bbox 239 275 1699 332; baseline -0.002 -11"><span class='ocrx_word' id='word_1_14' title='bbox 239 296 286 321; x_wconf 84' lang='lat' dir='ltr'>an</span> <span class='ocrx_word' id='word_1_15' title='bbox 309 283 430 328; x_wconf 89' lang='lat' dir='ltr'>aliquis</span> <span class='ocrx_word' id='word_1_16' title='bbox 451 287 530 316; x_wconf 85' lang='lat' dir='ltr'>ante</span> <span class='ocrx_word' id='word_1_17' title='bbox 556 279 663 318; x_wconf 69' lang='lat' dir='ltr'>cmm</span> <span class='ocrx_word' id='word_1_18' title='bbox 686 280 929 322; x_wconf 55' lang='lat' dir='ltr'>observaverim</span> <span class='ocrx_word' id='word_1_19' title='bbox 961 287 1140 316; x_wconf 84' lang='lat' dir='ltr'>extensam</span> <span class='ocrx_word' id='word_1_20' title='bbox 1166 275 1323 317; x_wconf 82' lang='lat' dir='ltr'>videlicet</span> <span class='ocrx_word' id='word_1_21' title='bbox 1345 292 1422 318; x_wconf 82' lang='lat' dir='ltr'>eam</span> <span class='ocrx_word' id='word_1_22' title='bbox 1445 297 1523 321; x_wconf 62' lang='lat' dir='ltr'>esse</span> <span class='ocrx_word' id='word_1_23' title='bbox 1546 296 1602 332; x_wconf 83' lang='lat' dir='ltr'>per</span> <span class='ocrx_word' id='word_1_24' title='bbox 1624 285 1699 321; x_wconf 74' lang='lat' dir='ltr'>uni·</span> 
     </span>
     <span class='ocr_line' id='line_1_4' title="bbox 240 336 1699 406; baseline -0.003 -27"><span class='ocrx_word' id='word_1_25' title='bbox 240 352 375 380; x_wconf 82' lang='lat' dir='ltr'>versam</span> <span class='ocrx_word' id='word_1_26' title='bbox 395 342 581 386; x_wconf 84' lang='lat' dir='ltr'><strong>Europam,</strong></span> <span class='ocrx_word' id='word_1_27' title='bbox 606 349 647 373; x_wconf 87' lang='lat' dir='ltr'>eo</span> <span class='ocrx_word' id='word_1_28' title='bbox 670 337 739 374; x_wconf 84' lang='lat' dir='ltr'>fere</span> <span class='ocrx_word' id='word_1_29' title='bbox 759 339 878 380; x_wconf 90' lang='lat' dir='ltr'>modo,</span> <span class='ocrx_word' id='word_1_30' title='bbox 901 348 969 384; x_wconf 85' lang='lat' dir='ltr'>quo</span> <span class='ocrx_word' id='word_1_31' title='bbox 995 336 1120 374; x_wconf 75' lang='lat' dir='ltr'>Taum</span> <span class='ocrx_word' id='word_1_32' title='bbox 1134 350 1191 406; x_wconf 84' lang='grc' dir='ltr'>ρει·</span> <span class='ocrx_word' id='word_1_33' title='bbox 1212 337 1339 381; x_wconf 83' lang='lat' dir='ltr'><em>Asiam,</em></span> <span class='ocrx_word' id='word_1_34' title='bbox 1361 338 1457 375; x_wconf 75' lang='lat' dir='ltr'>Atlas</span> <span class='ocrx_word' id='word_1_35' title='bbox 1479 354 1538 388; x_wconf 78' lang='lat' dir='ltr'>per</span> <span class='ocrx_word' id='word_1_36' title='bbox 1557 342 1699 390; x_wconf 69' lang='lat' dir='ltr'>Afficam</span> 
     </span>
     <span class='ocr_line' id='line_1_5' title="bbox 239 395 1700 445; baseline -0.001 -9"><span class='ocrx_word' id='word_1_37' title='bbox 239 411 315 436; x_wconf 91' lang='lat' dir='ltr'>sese</span> <span class='ocrx_word' id='word_1_38' title='bbox 336 399 505 435; x_wconf 77' lang='lat' dir='ltr'>diffirndit·</span> <span class='ocrx_word' id='word_1_39' title='bbox 529 396 666 433; x_wconf 86' lang='lat' dir='ltr'>initium</span> <span class='ocrx_word' id='word_1_40' title='bbox 689 397 778 433; x_wconf 88' lang='lat' dir='ltr'>duci</span> <span class='ocrx_word' id='word_1_41' title='bbox 792 398 834 434; x_wconf 87' lang='lat' dir='ltr'>ab</span> <span class='ocrx_word' id='word_1_42' title='bbox 854 395 1001 438; x_wconf 65' lang='lat' dir='ltr'>Aramo</span> <span class='ocrx_word' id='word_1_43' title='bbox 1030 397 1159 445; x_wconf 81' lang='lat' dir='ltr'>sylva</span> <span class='ocrx_word' id='word_1_44' title='bbox 1150 409 1185 434; x_wconf 89' lang='lat' dir='ltr'>m</span> <span class='ocrx_word' id='word_1_45' title='bbox 1211 395 1349 433; x_wconf 61' lang='lat' dir='ltr'>Gallim:</span> <span class='ocrx_word' id='word_1_46' title='bbox 1387 398 1464 434; x_wconf 89' lang='lat' dir='ltr'>dein</span> <span class='ocrx_word' id='word_1_47' title='bbox 1488 410 1546 444; x_wconf 76' lang='lat' dir='ltr'>per</span> <span class='ocrx_word' id='word_1_48' title='bbox 1570 400 1700 443; x_wconf 69' lang='lat' dir='ltr'>Germa-</span> 
     </span>
     <span class='ocr_line' id='line_1_6' title="bbox 237 456 1701 502; baseline 0.002 -9"><span class='ocrx_word' id='word_1_49' title='bbox 237 459 320 493; x_wconf 81' lang='lat' dir='ltr'>niam</span> <span class='ocrx_word' id='word_1_50' title='bbox 342 464 377 492; x_wconf 89' lang='lat' dir='ltr'>et</span> <span class='ocrx_word' id='word_1_51' title='bbox 391 456 588 497; x_wconf 72' lang='lat' dir='ltr'><em>Sarmatiam,</em></span> <span class='ocrx_word' id='word_1_52' title='bbox 614 466 721 501; x_wconf 85' lang='lat' dir='ltr'>usque</span> <span class='ocrx_word' id='word_1_53' title='bbox 744 456 787 491; x_wconf 87' lang='lat' dir='ltr'>ad</span> <span class='ocrx_word' id='word_1_54' title='bbox 811 462 1001 493; x_wconf 83' lang='lat' dir='ltr'>extremum</span> <span class='ocrx_word' id='word_1_55' title='bbox 1021 456 1180 502; x_wconf 69' lang='lat' dir='ltr'>Ena-apae</span> <span class='ocrx_word' id='word_1_56' title='bbox 1187 456 1348 501; x_wconf 85' lang='lat' dir='ltr'>angulum</span> <span class='ocrx_word' id='word_1_57' title='bbox 1375 457 1567 502; x_wconf 75' lang='lat' dir='ltr'>propagari:</span> <span class='ocrx_word' id='word_1_58' title='bbox 1588 459 1701 496; x_wconf 82' lang='lat' dir='ltr'>sortiri</span> 
     </span>
     <span class='ocr_line' id='line_1_7' title="bbox 239 511 1703 561; baseline 0.001 -11"><span class='ocrx_word' id='word_1_59' title='bbox 239 515 373 550; x_wconf 88' lang='lat' dir='ltr'>nomina</span> <span class='ocrx_word' id='word_1_60' title='bbox 396 513 547 558; x_wconf 81' lang='lat' dir='ltr'>diversa,</span> <span class='ocrx_word' id='word_1_61' title='bbox 574 514 629 553; x_wconf 79' lang='lat' dir='ltr'>ubi</span> <span class='ocrx_word' id='word_1_62' title='bbox 648 511 829 559; x_wconf 83' lang='lat' dir='ltr'>Friburgam</span> <span class='ocrx_word' id='word_1_63' title='bbox 850 512 1029 561; x_wconf 80' lang='lat' dir='ltr'>Bn&#39;sgaiac,</span> <span class='ocrx_word' id='word_1_64' title='bbox 1052 513 1226 555; x_wconf 83' lang='lat' dir='ltr'>Badenam,</span> <span class='ocrx_word' id='word_1_65' title='bbox 1257 511 1498 559; x_wconf 69' lang='lat' dir='ltr'>Heidelbergarn,</span> <span class='ocrx_word' id='word_1_66' title='bbox 1520 512 1703 560; x_wconf 78' lang='lat' dir='ltr'>Francasar-</span> 
     </span>
     <span class='ocr_line' id='line_1_8' title="bbox 236 563 1702 618; baseline 0.001 -12"><span class='ocrx_word' id='word_1_67' title='bbox 236 571 317 607; x_wconf 83' lang='lat' dir='ltr'>diam</span> <span class='ocrx_word' id='word_1_68' title='bbox 346 571 502 615; x_wconf 87' lang='lat' dir='ltr'>attigerit.</span> <span class='ocrx_word' id='word_1_69' title='bbox 559 571 593 607; x_wconf 88' lang='lat' dir='ltr'>A</span> <span class='ocrx_word' id='word_1_70' title='bbox 623 570 774 616; x_wconf 86' lang='lat' dir='ltr'>Friburga</span> <span class='ocrx_word' id='word_1_71' title='bbox 806 571 843 606; x_wconf 82' lang='lat' dir='ltr'>‘m</span> <span class='ocrx_word' id='word_1_72' title='bbox 875 579 1003 614; x_wconf 86' lang='lat' dir='ltr'>ortum,</span> <span class='ocrx_word' id='word_1_73' title='bbox 1038 579 1074 608; x_wconf 90' lang='lat' dir='ltr'>et</span> <span class='ocrx_word' id='word_1_74' title='bbox 1106 573 1369 618; x_wconf 75' lang='lat' dir='ltr'>septentrionem</span> <span class='ocrx_word' id='word_1_75' title='bbox 1401 563 1558 618; x_wconf 76' lang='lat' dir='ltr'>perpetuo</span> <span class='ocrx_word' id='word_1_76' title='bbox 1590 576 1702 609; x_wconf 79' lang='lat' dir='ltr'>tractu</span> 
     </span>
     <span class='ocr_line' id='line_1_9' title="bbox 236 627 1381 677; baseline 0.001 -13"><span class='ocrx_word' id='word_1_77' title='bbox 236 634 448 664; x_wconf 83' lang='lat' dir='ltr'>occursantes</span> <span class='ocrx_word' id='word_1_78' title='bbox 472 627 560 664; x_wconf 90' lang='lat' dir='ltr'>inter</span> <span class='ocrx_word' id='word_1_79' title='bbox 584 640 621 664; x_wconf 91' lang='lat' dir='ltr'>se</span> <span class='ocrx_word' id='word_1_80' title='bbox 645 630 766 670; x_wconf 88' lang='lat' dir='ltr'>colles,</span> <span class='ocrx_word' id='word_1_81' title='bbox 798 635 903 675; x_wconf 88' lang='lat' dir='ltr'>atque</span> <span class='ocrx_word' id='word_1_82' title='bbox 923 630 1006 677; x_wconf 82' lang='lat' dir='ltr'>juga</span> <span class='ocrx_word' id='word_1_83' title='bbox 1026 630 1194 666; x_wconf 87' lang='lat' dir='ltr'>montium</span> <span class='ocrx_word' id='word_1_84' title='bbox 1217 629 1381 677; x_wconf 82' lang='lat' dir='ltr'>excipere.</span> 
     </span>
    </p>
   </div>
   <div class='ocr_carea' id='block_1_3' title="bbox 233 731 1735 2040">
    <p class='ocr_par' dir='ltr' id='par_1_3' title="bbox 233 731 1705 1294">
     <span class='ocr_line' id='line_1_10' title="bbox 326 731 1703 777; baseline 0.001 -11"><span class='ocrx_word' id='word_1_85' title='bbox 326 732 367 766; x_wconf 91' lang='lat' dir='ltr'>In</span> <span class='ocrx_word' id='word_1_86' title='bbox 388 731 534 766; x_wconf 72' lang='lat' dir='ltr'>Hercinia</span> <span class='ocrx_word' id='word_1_87' title='bbox 556 733 656 777; x_wconf 85' lang='lat' dir='ltr'>sylva</span> <span class='ocrx_word' id='word_1_88' title='bbox 678 734 868 769; x_wconf 84' lang='lat' dir='ltr'><strong>consedisse</strong></span> <span class='ocrx_word' id='word_1_89' title='bbox 888 733 1057 777; x_wconf 85' lang='lat' dir='ltr'>quondam</span> <span class='ocrx_word' id='word_1_90' title='bbox 1078 731 1227 773; x_wconf 78' lang='lat' dir='ltr'>Dmides,</span> <span class='ocrx_word' id='word_1_91' title='bbox 1257 733 1331 768; x_wconf 87' lang='lat' dir='ltr'>sive</span> <span class='ocrx_word' id='word_1_92' title='bbox 1353 732 1520 777; x_wconf 86' lang='lat' dir='ltr'>religionis</span> <span class='ocrx_word' id='word_1_93' title='bbox 1541 731 1703 777; x_wconf 82' lang='lat' dir='ltr'>interpre-</span> 
     </span>
     <span class='ocr_line' id='line_1_11' title="bbox 235 786 1703 835; baseline 0.001 -10"><span class='ocrx_word' id='word_1_94' title='bbox 235 789 375 827; x_wconf 85' lang='lat' dir='ltr'>tandae.</span> <span class='ocrx_word' id='word_1_95' title='bbox 398 789 471 824; x_wconf 91' lang='lat' dir='ltr'>sive</span> <span class='ocrx_word' id='word_1_96' title='bbox 494 790 699 829; x_wconf 89' lang='lat' dir='ltr'>studiorum,</span> <span class='ocrx_word' id='word_1_97' title='bbox 724 795 786 823; x_wconf 89' lang='lat' dir='ltr'>aut</span> <span class='ocrx_word' id='word_1_98' title='bbox 807 789 999 824; x_wconf 83' lang='lat' dir='ltr'>solitudinis</span> <span class='ocrx_word' id='word_1_99' title='bbox 1021 789 1146 834; x_wconf 87' lang='lat' dir='ltr'>gratia,</span> <span class='ocrx_word' id='word_1_100' title='bbox 1171 789 1293 824; x_wconf 87' lang='lat' dir='ltr'>eodem</span> <span class='ocrx_word' id='word_1_101' title='bbox 1312 786 1422 835; x_wconf 85' lang='lat' dir='ltr'>capite</span> <span class='ocrx_word' id='word_1_102' title='bbox 1445 790 1531 825; x_wconf 82' lang='lat' dir='ltr'>tertio</span> <span class='ocrx_word' id='word_1_103' title='bbox 1553 789 1703 826; x_wconf 86' lang='lat' dir='ltr'>refertur.</span> 
     </span>
     <span class='ocr_line' id='line_1_12' title="bbox 233 844 1704 895; baseline -0.001 -12"><span class='ocrx_word' id='word_1_104' title='bbox 233 848 333 883; x_wconf 83' lang='lat' dir='ltr'>Tale.</span> <span class='ocrx_word' id='word_1_105' title='bbox 368 846 475 891; x_wconf 91' lang='lat' dir='ltr'>inquit</span> <span class='ocrx_word' id='word_1_106' title='bbox 500 845 592 881; x_wconf 78' lang='lat' dir='ltr'>Celtis</span> <span class='ocrx_word' id='word_1_107' title='bbox 630 848 753 882; x_wconf 90' lang='lat' dir='ltr'>nudius</span> <span class='ocrx_word' id='word_1_108' title='bbox 781 844 954 890; x_wconf 76' lang='lat' dir='ltr'>vidimus5</span> <span class='ocrx_word' id='word_1_109' title='bbox 1000 847 1084 882; x_wconf 88' lang='lat' dir='ltr'>dum</span> <span class='ocrx_word' id='word_1_110' title='bbox 1116 844 1259 895; x_wconf 65' lang='lat' dir='ltr'>ffmnes</span> <span class='ocrx_word' id='word_1_111' title='bbox 1288 845 1455 893; x_wconf 73' lang='lat' dir='ltr'>Totoptm,</span> <span class='ocrx_word' id='word_1_112' title='bbox 1487 847 1540 882; x_wconf 92' lang='lat' dir='ltr'>vir</span> <span class='ocrx_word' id='word_1_113' title='bbox 1569 847 1704 883; x_wconf 86' lang='lat' dir='ltr'>summa</span> 
     </span>
     <span class='ocr_line' id='line_1_13' title="bbox 235 904 1703 951; baseline 0 -11"><span class='ocrx_word' id='word_1_114' title='bbox 235 905 434 945; x_wconf 86' lang='lat' dir='ltr'>eruditione,</span> <span class='ocrx_word' id='word_1_115' title='bbox 460 910 495 939; x_wconf 84' lang='lat' dir='ltr'>et</span> <span class='ocrx_word' id='word_1_116' title='bbox 516 904 651 949; x_wconf 87' lang='lat' dir='ltr'>ingenio</span> <span class='ocrx_word' id='word_1_117' title='bbox 666 916 728 939; x_wconf 90' lang='lat' dir='ltr'>nos</span> <span class='ocrx_word' id='word_1_118' title='bbox 754 905 788 939; x_wconf 90' lang='lat' dir='ltr'>in</span> <span class='ocrx_word' id='word_1_119' title='bbox 802 905 945 950; x_wconf 86' lang='lat' dir='ltr'>patriam</span> <span class='ocrx_word' id='word_1_120' title='bbox 965 915 1062 939; x_wconf 84' lang='lat' dir='ltr'>suam</span> <span class='ocrx_word' id='word_1_121' title='bbox 1084 905 1126 940; x_wconf 87' lang='lat' dir='ltr'>ad</span> <span class='ocrx_word' id='word_1_122' title='bbox 1139 905 1267 940; x_wconf 82' lang='lat' dir='ltr'>radices</span> <span class='ocrx_word' id='word_1_123' title='bbox 1289 905 1419 951; x_wconf 87' lang='lat' dir='ltr'>piniferi</span> <span class='ocrx_word' id='word_1_124' title='bbox 1436 904 1560 940; x_wconf 74' lang='lat' dir='ltr'>montis</span> <span class='ocrx_word' id='word_1_125' title='bbox 1582 915 1703 940; x_wconf 85' lang='lat' dir='ltr'>secum</span> 
     </span>
     <span class='ocr_line' id='line_1_14' title="bbox 238 956 1705 1007; baseline -0.001 -10"><span class='ocrx_word' id='word_1_126' title='bbox 238 964 428 997; x_wconf 81' lang='lat' dir='ltr'>adduceret.</span> <span class='ocrx_word' id='word_1_127' title='bbox 474 962 543 996; x_wconf 88' lang='lat' dir='ltr'>Hic</span> <span class='ocrx_word' id='word_1_128' title='bbox 565 962 646 996; x_wconf 86' lang='lat' dir='ltr'>dum</span> <span class='ocrx_word' id='word_1_129' title='bbox 668 962 754 996; x_wconf 86' lang='lat' dir='ltr'>forte</span> <span class='ocrx_word' id='word_1_130' title='bbox 777 961 813 996; x_wconf 90' lang='lat' dir='ltr'>in</span> <span class='ocrx_word' id='word_1_131' title='bbox 835 962 1031 997; x_wconf 85' lang='lat' dir='ltr'>coenobium</span> <span class='ocrx_word' id='word_1_132' title='bbox 1059 961 1086 1006; x_wconf 86' lang='lat'>(&#39;</span> <span class='ocrx_word' id='word_1_133' title='bbox 1095 956 1255 1007; x_wconf 61' lang='lat' dir='ltr'>Quald)</span> <span class='ocrx_word' id='word_1_134' title='bbox 1285 957 1555 998; x_wconf 78' lang='lat' dir='ltr'>divertissemus:</span> <span class='ocrx_word' id='word_1_135' title='bbox 1582 961 1705 1006; x_wconf 80' lang='lat' dir='ltr'>imagi-</span> 
     </span>
     <span class='ocr_line' id='line_1_15' title="bbox 238 1018 1705 1065; baseline -0.001 -10"><span class='ocrx_word' id='word_1_136' title='bbox 238 1018 470 1064; x_wconf 76' lang='lat' dir='ltr'>nesiapideas</span> <span class='ocrx_word' id='word_1_137' title='bbox 492 1029 572 1057; x_wconf 86' lang='lat' dir='ltr'>sex,</span> <span class='ocrx_word' id='word_1_138' title='bbox 594 1018 827 1054; x_wconf 82' lang='lat' dir='ltr'>vetustissimo</span> <span class='ocrx_word' id='word_1_139' title='bbox 849 1030 951 1059; x_wconf 79' lang='lat' dir='ltr'>saxu,</span> <span class='ocrx_word' id='word_1_140' title='bbox 972 1019 1015 1055; x_wconf 86' lang='lat' dir='ltr'>ad</span> <span class='ocrx_word' id='word_1_141' title='bbox 1037 1018 1126 1055; x_wconf 83' lang='lat' dir='ltr'>fores</span> <span class='ocrx_word' id='word_1_142' title='bbox 1147 1019 1280 1065; x_wconf 88' lang='lat' dir='ltr'>templi,</span> <span class='ocrx_word' id='word_1_143' title='bbox 1315 1020 1431 1065; x_wconf 83' lang='lat' dir='ltr'>parieti</span> <span class='ocrx_word' id='word_1_144' title='bbox 1457 1020 1603 1063; x_wconf 84' lang='lat' dir='ltr'>insertas</span> <span class='ocrx_word' id='word_1_145' title='bbox 1624 1031 1705 1054; x_wconf 86' lang='lat' dir='ltr'>con·</span> 
     </span>
     <span class='ocr_line' id='line_1_16' title="bbox 243 1076 1705 1122; baseline 0 -11"><span class='ocrx_word' id='word_1_146' title='bbox 243 1077 428 1122; x_wconf 77' lang='lat' dir='ltr'>speximus.</span> <span class='ocrx_word' id='word_1_147' title='bbox 482 1076 620 1120; x_wconf 82' lang='lat' dir='ltr'>Septem</span> <span class='ocrx_word' id='word_1_148' title='bbox 642 1076 762 1122; x_wconf 78' lang='lat' dir='ltr'>pedum</span> <span class='ocrx_word' id='word_1_149' title='bbox 787 1076 957 1120; x_wconf 79' lang='lat' dir='ltr'>singulae:</span> <span class='ocrx_word' id='word_1_150' title='bbox 992 1077 1094 1112; x_wconf 80' lang='lat' dir='ltr'>nudis</span> <span class='ocrx_word' id='word_1_151' title='bbox 1115 1077 1271 1121; x_wconf 70' lang='lat' dir='ltr'>pedibus:</span> <span class='ocrx_word' id='word_1_152' title='bbox 1301 1078 1411 1121; x_wconf 84' lang='lat' dir='ltr'>capita</span> <span class='ocrx_word' id='word_1_153' title='bbox 1433 1078 1570 1116; x_wconf 78' lang='lat' dir='ltr'>intecta,</span> <span class='ocrx_word' id='word_1_154' title='bbox 1600 1078 1705 1111; x_wconf 81' lang='lat' dir='ltr'>Grae·</span> 
     </span>
     <span class='ocr_line' id='line_1_17' title="bbox 242 1126 1703 1181; baseline 0.001 -14"><span class='ocrx_word' id='word_1_155' title='bbox 242 1133 361 1168; x_wconf 68' lang='lat' dir='ltr'>mnico</span> <span class='ocrx_word' id='word_1_156' title='bbox 386 1133 505 1177; x_wconf 83' lang='lat' dir='ltr'>pallio,</span> <span class='ocrx_word' id='word_1_157' title='bbox 547 1138 583 1167; x_wconf 88' lang='lat' dir='ltr'>et</span> <span class='ocrx_word' id='word_1_158' title='bbox 611 1133 794 1181; x_wconf 83' lang='lat' dir='ltr'>cucullato:</span> <span class='ocrx_word' id='word_1_159' title='bbox 832 1133 1010 1177; x_wconf 81' lang='lat' dir='ltr'>perulaque</span> <span class='ocrx_word' id='word_1_160' title='bbox 1042 1140 1078 1168; x_wconf 91' lang='lat' dir='ltr'>et</span> <span class='ocrx_word' id='word_1_161' title='bbox 1105 1134 1205 1169; x_wconf 75' lang='lat' dir='ltr'>barba</span> <span class='ocrx_word' id='word_1_162' title='bbox 1234 1126 1371 1179; x_wconf 60' lang='lat' dir='ltr'>inguina</span> <span class='ocrx_word' id='word_1_163' title='bbox 1401 1144 1506 1178; x_wconf 89' lang='lat' dir='ltr'>usque</span> <span class='ocrx_word' id='word_1_164' title='bbox 1532 1134 1703 1179; x_wconf 80' lang='lat' dir='ltr'>promissa,</span> 
     </span>
     <span class='ocr_line' id='line_1_18' title="bbox 238 1181 1703 1235; baseline -0.001 -10"><span class='ocrx_word' id='word_1_165' title='bbox 238 1196 274 1225; x_wconf 91' lang='lat' dir='ltr'>et</span> <span class='ocrx_word' id='word_1_166' title='bbox 303 1190 390 1225; x_wconf 83' lang='lat' dir='ltr'>circa</span> <span class='ocrx_word' id='word_1_167' title='bbox 421 1188 512 1224; x_wconf 89' lang='lat' dir='ltr'>naris</span> <span class='ocrx_word' id='word_1_168' title='bbox 536 1181 666 1223; x_wconf 80' lang='lat' dir='ltr'>fistulas</span> <span class='ocrx_word' id='word_1_169' title='bbox 695 1188 874 1224; x_wconf 81' lang='lat' dir='ltr'>bifurcata:</span> <span class='ocrx_word' id='word_1_170' title='bbox 907 1189 942 1224; x_wconf 89' lang='lat' dir='ltr'>in</span> <span class='ocrx_word' id='word_1_171' title='bbox 963 1191 1120 1225; x_wconf 89' lang='lat' dir='ltr'>manibus</span> <span class='ocrx_word' id='word_1_172' title='bbox 1151 1191 1251 1231; x_wconf 87' lang='lat' dir='ltr'>liber,</span> <span class='ocrx_word' id='word_1_173' title='bbox 1286 1196 1321 1225; x_wconf 91' lang='lat' dir='ltr'>et</span> <span class='ocrx_word' id='word_1_174' title='bbox 1342 1191 1478 1225; x_wconf 82' lang='lat' dir='ltr'>baculus</span> <span class='ocrx_word' id='word_1_175' title='bbox 1500 1189 1703 1235; x_wconf 68' lang='lat' dir='ltr'>Dioge-nicus:</span> 
     </span>
     <span class='ocr_line' id='line_1_19' title="bbox 237 1245 1658 1294; baseline 0.001 -13"><span class='ocrx_word' id='word_1_176' title='bbox 237 1258 357 1283; x_wconf 89' lang='lat' dir='ltr'>severa</span> <span class='ocrx_word' id='word_1_177' title='bbox 376 1246 504 1288; x_wconf 85' lang='lat' dir='ltr'>fronte,</span> <span class='ocrx_word' id='word_1_178' title='bbox 529 1252 565 1281; x_wconf 91' lang='lat' dir='ltr'>et</span> <span class='ocrx_word' id='word_1_179' title='bbox 587 1245 676 1281; x_wconf 86' lang='lat' dir='ltr'>tristi</span> <span class='ocrx_word' id='word_1_180' title='bbox 700 1246 897 1291; x_wconf 69' lang='lat' dir='ltr'>superciliot</span> <span class='ocrx_word' id='word_1_181' title='bbox 931 1247 1060 1293; x_wconf 84' lang='lat' dir='ltr'>obstipo</span> <span class='ocrx_word' id='word_1_182' title='bbox 1083 1248 1206 1294; x_wconf 51' lang='lat' dir='ltr'>capitia</span> <span class='ocrx_word' id='word_1_183' title='bbox 1235 1247 1379 1294; x_wconf 75' lang='lat' dir='ltr'>figentes</span> <span class='ocrx_word' id='word_1_184' title='bbox 1402 1246 1529 1284; x_wconf 82' lang='lat' dir='ltr'>lumina</span> <span class='ocrx_word' id='word_1_185' title='bbox 1551 1247 1658 1283; x_wconf 77' lang='lat' dir='ltr'>terris.</span> 
     </span>
    </p>

    <p class='ocr_par' dir='ltr' id='par_1_4' title="bbox 235 1324 1735 2040">
     <span class='ocr_line' id='line_1_20' title="bbox 329 1324 1704 1404; baseline 0.001 -11"><span class='ocrx_word' id='word_1_186' title='bbox 329 1357 433 1399; x_wconf 91' lang='lat' dir='ltr'>Quod</span> <span class='ocrx_word' id='word_1_187' title='bbox 453 1356 560 1402; x_wconf 78' lang='lat' dir='ltr'>capite</span> <span class='ocrx_word' id='word_1_188' title='bbox 578 1357 699 1403; x_wconf 76' lang='lat' dir='ltr'>septimo</span> <span class='ocrx_word' id='word_1_189' title='bbox 717 1357 936 1394; x_wconf 81' lang='lat' dir='ltr'>adnotabatur</span> <span class='ocrx_word' id='word_1_190' title='bbox 958 1359 1000 1395; x_wconf 92' lang='lat' dir='ltr'>de</span> <span class='ocrx_word' id='word_1_191' title='bbox 1017 1357 1169 1395; x_wconf 76' lang='lat' dir='ltr'>Friderico</span> <span class='ocrx_word' id='word_1_192' title='bbox 1190 1357 1288 1394; x_wconf 76' lang='lat' dir='ltr'>Tertia</span> <span class='ocrx_word' id='word_1_193' title='bbox 1308 1359 1528 1404; x_wconf 78' lang='lat' dir='ltr'>Imperatore,</span> <span class='ocrx_word' id='word_1_194' title='bbox 1553 1324 1704 1403; x_wconf 46' lang='lat' dir='ltr'>praet‘er-</span> 
     </span>
     <span class='ocr_line' id='line_1_21' title="bbox 236 1408 1705 1459; baseline -0.001 -8"><span class='ocrx_word' id='word_1_195' title='bbox 236 1416 287 1451; x_wconf 88' lang='lat' dir='ltr'>ire</span> <span class='ocrx_word' id='word_1_196' title='bbox 310 1408 381 1450; x_wconf 74' lang='lat' dir='ltr'>non&#39;</span> <span class='ocrx_word' id='word_1_197' title='bbox 397 1424 548 1459; x_wconf 86' lang='lat' dir='ltr'>possum.</span> <span class='ocrx_word' id='word_1_198' title='bbox 596 1415 749 1454; x_wconf 84' lang='lat' dir='ltr'>„Caesar</span> <span class='ocrx_word' id='word_1_199' title='bbox 772 1413 957 1454; x_wconf 66' lang='lat' dir='ltr'>Rider-icus,</span> <span class='ocrx_word' id='word_1_200' title='bbox 981 1421 1060 1449; x_wconf 88' lang='lat' dir='ltr'>sunt</span> <span class='ocrx_word' id='word_1_201' title='bbox 1077 1417 1174 1450; x_wconf 88' lang='lat' dir='ltr'>verba</span> <span class='ocrx_word' id='word_1_202' title='bbox 1192 1414 1301 1455; x_wconf 79' lang='lat' dir='ltr'>Celtis,</span> <span class='ocrx_word' id='word_1_203' title='bbox 1325 1422 1363 1450; x_wconf 91' lang='lat' dir='ltr'>ut</span> <span class='ocrx_word' id='word_1_204' title='bbox 1378 1415 1561 1449; x_wconf 84' lang='lat' dir='ltr'>novissime</span> <span class='ocrx_word' id='word_1_205' title='bbox 1578 1414 1705 1449; x_wconf 80' lang='lat' dir='ltr'>Nurim-</span> 
     </span>
     <span class='ocr_line' id='line_1_22' title="bbox 235 1470 1705 1518; baseline 0.001 -11"><span class='ocrx_word' id='word_1_206' title='bbox 235 1471 346 1518; x_wconf 75' lang='lat' dir='ltr'>bergae</span> <span class='ocrx_word' id='word_1_207' title='bbox 367 1477 501 1517; x_wconf 87' lang='lat' dir='ltr'>egerat,</span> <span class='ocrx_word' id='word_1_208' title='bbox 532 1475 571 1505; x_wconf 87' lang='lat' dir='ltr'>ut</span> <span class='ocrx_word' id='word_1_209' title='bbox 594 1470 636 1505; x_wconf 89' lang='lat' dir='ltr'>de</span> <span class='ocrx_word' id='word_1_210' title='bbox 659 1470 875 1505; x_wconf 82' lang='lat' dir='ltr'>multitudine</span> <span class='ocrx_word' id='word_1_211' title='bbox 898 1481 1076 1517; x_wconf 85' lang='lat' dir='ltr'>puerorum</span> <span class='ocrx_word' id='word_1_212' title='bbox 1099 1471 1193 1507; x_wconf 85' lang='lat' dir='ltr'>urbis</span> <span class='ocrx_word' id='word_1_213' title='bbox 1213 1472 1276 1507; x_wconf 83' lang='lat' dir='ltr'>sibi</span> <span class='ocrx_word' id='word_1_214' title='bbox 1305 1472 1449 1508; x_wconf 81' lang='lat' dir='ltr'>relatum</span> <span class='ocrx_word' id='word_1_215' title='bbox 1469 1477 1557 1511; x_wconf 85' lang='lat' dir='ltr'>erat,</span> <span class='ocrx_word' id='word_1_216' title='bbox 1588 1482 1705 1508; x_wconf 88' lang='lat' dir='ltr'>omnes</span> 
     </span>
     <span class='ocr_line' id='line_1_23' title="bbox 236 1524 1735 1579; baseline -0.003 -11"><span class='ocrx_word' id='word_1_217' title='bbox 236 1541 365 1579; x_wconf 84' lang='lat' dir='ltr'>pueros</span> <span class='ocrx_word' id='word_1_218' title='bbox 388 1529 476 1564; x_wconf 85' lang='lat' dir='ltr'>infra</span> <span class='ocrx_word' id='word_1_219' title='bbox 498 1529 703 1564; x_wconf 85' lang='lat' dir='ltr'>decimatum</span> <span class='ocrx_word' id='word_1_220' title='bbox 716 1555 725 1568; x_wconf 91' lang='lat'>,</span> <span class='ocrx_word' id='word_1_221' title='bbox 758 1530 793 1563; x_wconf 87' lang='lat' dir='ltr'>in</span> <span class='ocrx_word' id='word_1_222' title='bbox 816 1528 945 1564; x_wconf 86' lang='lat' dir='ltr'>fossam</span> <span class='ocrx_word' id='word_1_223' title='bbox 968 1530 1073 1570; x_wconf 80' lang='lat' dir='ltr'>urb1s,</span> <span class='ocrx_word' id='word_1_224' title='bbox 1104 1530 1158 1565; x_wconf 91' lang='lat' dir='ltr'>cui</span> <span class='ocrx_word' id='word_1_225' title='bbox 1179 1540 1239 1564; x_wconf 81' lang='lat' dir='ltr'>arx</span> <span class='ocrx_word' id='word_1_226' title='bbox 1262 1524 1434 1569; x_wconf 84' lang='lat' dir='ltr'>imminet,</span> <span class='ocrx_word' id='word_1_227' title='bbox 1466 1528 1580 1564; x_wconf 87' lang='lat' dir='ltr'>vocari</span> <span class='ocrx_word' id='word_1_228' title='bbox 1599 1528 1704 1574; x_wconf 84' lang='lat' dir='ltr'>jubet.</span> <span class='ocrx_word' id='word_1_229' title='bbox 1731 1541 1735 1546; x_wconf 86' lang='lat'>·</span> 
     </span>
     <span class='ocr_line' id='line_1_24' title="bbox 237 1586 1707 1636; baseline 0 -13"><span class='ocrx_word' id='word_1_230' title='bbox 237 1590 313 1636; x_wconf 85' lang='lat' dir='ltr'>Jam</span> <span class='ocrx_word' id='word_1_231' title='bbox 346 1592 418 1623; x_wconf 88' lang='lat' dir='ltr'>tota</span> <span class='ocrx_word' id='word_1_232' title='bbox 449 1586 527 1622; x_wconf 88' lang='lat' dir='ltr'>urbs</span> <span class='ocrx_word' id='word_1_233' title='bbox 559 1586 595 1621; x_wconf 88' lang='lat' dir='ltr'>in</span> <span class='ocrx_word' id='word_1_234' title='bbox 625 1587 793 1631; x_wconf 88' lang='lat' dir='ltr'>publicum</span> <span class='ocrx_word' id='word_1_235' title='bbox 825 1587 994 1632; x_wconf 90' lang='lat' dir='ltr'>gaudium,</span> <span class='ocrx_word' id='word_1_236' title='bbox 1029 1594 1065 1623; x_wconf 93' lang='lat' dir='ltr'>et</span> <span class='ocrx_word' id='word_1_237' title='bbox 1092 1597 1306 1624; x_wconf 88' lang='lat' dir='ltr'>communem</span> <span class='ocrx_word' id='word_1_238' title='bbox 1329 1586 1490 1622; x_wconf 87' lang='lat' dir='ltr'>laetitiam</span> <span class='ocrx_word' id='word_1_239' title='bbox 1512 1586 1636 1632; x_wconf 83' lang='lat' dir='ltr'>effusa;</span> <span class='ocrx_word' id='word_1_240' title='bbox 1673 1593 1707 1623; x_wconf 88' lang='lat' dir='ltr'>et</span> 
     </span>
     <span class='ocr_line' id='line_1_25' title="bbox 237 1643 1708 1695; baseline 0 -14"><span class='ocrx_word' id='word_1_241' title='bbox 237 1645 431 1692; x_wconf 87' lang='lat' dir='ltr'>genetrices</span> <span class='ocrx_word' id='word_1_242' title='bbox 455 1645 613 1680; x_wconf 86' lang='lat' dir='ltr'>exultant</span> <span class='ocrx_word' id='word_1_243' title='bbox 636 1645 672 1679; x_wconf 90' lang='lat' dir='ltr'>in</span> <span class='ocrx_word' id='word_1_244' title='bbox 688 1655 783 1689; x_wconf 90' lang='lat' dir='ltr'>spem</span> <span class='ocrx_word' id='word_1_245' title='bbox 807 1650 939 1679; x_wconf 87' lang='lat' dir='ltr'>erectae</span> <span class='ocrx_word' id='word_1_246' title='bbox 964 1672 973 1680; x_wconf 92' lang='lat'>.</span> <span class='ocrx_word' id='word_1_247' title='bbox 992 1669 1000 1678; x_wconf 93' lang='lat'><em>.</em></span> <span class='ocrx_word' id='word_1_248' title='bbox 1017 1671 1025 1679; x_wconf 92' lang='lat'><strong>.</strong></span> <span class='ocrx_word' id='word_1_249' title='bbox 1046 1672 1054 1680; x_wconf 92' lang='lat'>.</span> <span class='ocrx_word' id='word_1_250' title='bbox 1089 1654 1267 1695; x_wconf 88' lang='lat' dir='ltr'>puerorum</span> <span class='ocrx_word' id='word_1_251' title='bbox 1290 1643 1394 1687; x_wconf 77' lang='lat' dir='ltr'>facies</span> <span class='ocrx_word' id='word_1_252' title='bbox 1415 1644 1563 1685; x_wconf 83' lang='lat' dir='ltr'>lustrare,</span> <span class='ocrx_word' id='word_1_253' title='bbox 1588 1656 1708 1682; x_wconf 87' lang='lat' dir='ltr'>ornare</span> 
     </span>
     <span class='ocr_line' id='line_1_26' title="bbox 238 1701 1707 1750; baseline 0.001 -12"><span class='ocrx_word' id='word_1_254' title='bbox 238 1704 384 1743; x_wconf 84' lang='lat' dir='ltr'>frontes,</span> <span class='ocrx_word' id='word_1_255' title='bbox 411 1726 420 1737; x_wconf 86' lang='lat'>.</span> <span class='ocrx_word' id='word_1_256' title='bbox 445 1727 453 1738; x_wconf 87' lang='lat'><strong><em>.</em></strong></span> <span class='ocrx_word' id='word_1_257' title='bbox 477 1729 486 1737; x_wconf 90' lang='lat'><strong><em>.</em></strong></span> <span class='ocrx_word' id='word_1_258' title='bbox 511 1702 640 1737; x_wconf 86' lang='lat' dir='ltr'>soboles</span> <span class='ocrx_word' id='word_1_259' title='bbox 663 1712 760 1743; x_wconf 80' lang='lat' dir='ltr'>auro,</span> <span class='ocrx_word' id='word_1_260' title='bbox 784 1703 944 1748; x_wconf 86' lang='lat' dir='ltr'>gemmis,</span> <span class='ocrx_word' id='word_1_261' title='bbox 969 1713 1109 1750; x_wconf 87' lang='lat' dir='ltr'>purpura</span> <span class='ocrx_word' id='word_1_262' title='bbox 1133 1712 1287 1742; x_wconf 82' lang='lat' dir='ltr'>onerare,</span> <span class='ocrx_word' id='word_1_263' title='bbox 1312 1708 1348 1738; x_wconf 91' lang='lat' dir='ltr'>et</span> <span class='ocrx_word' id='word_1_264' title='bbox 1366 1701 1450 1737; x_wconf 86' lang='lat' dir='ltr'>nihil</span> <span class='ocrx_word' id='word_1_265' title='bbox 1470 1713 1585 1738; x_wconf 89' lang='lat' dir='ltr'>eorum</span> <span class='ocrx_word' id='word_1_266' title='bbox 1600 1703 1707 1740; x_wconf 78' lang='lat' dir='ltr'>‘omit-</span> 
     </span>
     <span class='ocr_line' id='line_1_27' title="bbox 239 1760 1708 1808; baseline 0.001 -11"><span class='ocrx_word' id='word_1_267' title='bbox 239 1768 327 1804; x_wconf 86' lang='lat' dir='ltr'>tere,</span> <span class='ocrx_word' id='word_1_268' title='bbox 351 1772 440 1808; x_wconf 86' lang='lat' dir='ltr'>quae</span> <span class='ocrx_word' id='word_1_269' title='bbox 461 1761 550 1796; x_wconf 83' lang='lat' dir='ltr'>hanc</span> <span class='ocrx_word' id='word_1_270' title='bbox 573 1766 717 1796; x_wconf 86' lang='lat' dir='ltr'>aetatem</span> <span class='ocrx_word' id='word_1_271' title='bbox 740 1761 918 1804; x_wconf 87' lang='lat' dir='ltr'>gratiorem</span> <span class='ocrx_word' id='word_1_272' title='bbox 952 1760 1080 1797; x_wconf 82' lang='lat' dir='ltr'>efficere</span> <span class='ocrx_word' id='word_1_273' title='bbox 1103 1768 1249 1807; x_wconf 85' lang='lat' dir='ltr'>possent.</span> <span class='ocrx_word' id='word_1_274' title='bbox 1306 1760 1431 1796; x_wconf 79' lang='lat' dir='ltr'>Caesar</span> <span class='ocrx_word' id='word_1_275' title='bbox 1454 1760 1509 1795; x_wconf 87' lang='lat' dir='ltr'>ubi</span> <span class='ocrx_word' id='word_1_276' title='bbox 1533 1760 1708 1799; x_wconf 78' lang='lat' dir='ltr'>collectam</span> 
     </span>
     <span class='ocr_line' id='line_1_28' title="bbox 242 1814 1708 1864; baseline 0.001 -9"><span class='ocrx_word' id='word_1_277' title='bbox 242 1820 500 1860; x_wconf 82' lang='lat' dir='ltr'>multitutinem,</span> <span class='ocrx_word' id='word_1_278' title='bbox 529 1824 564 1853; x_wconf 92' lang='lat' dir='ltr'>et</span> <span class='ocrx_word' id='word_1_279' title='bbox 585 1817 748 1854; x_wconf 85' lang='lat' dir='ltr'>Germani</span> <span class='ocrx_word' id='word_1_280' title='bbox 768 1818 939 1863; x_wconf 87' lang='lat' dir='ltr'>sanguinis</span> <span class='ocrx_word' id='word_1_281' title='bbox 962 1818 1096 1860; x_wconf 85' lang='lat' dir='ltr'>florem,</span> <span class='ocrx_word' id='word_1_282' title='bbox 1126 1819 1311 1864; x_wconf 85' lang='lat' dir='ltr'>oculosque</span> <span class='ocrx_word' id='word_1_283' title='bbox 1334 1818 1404 1853; x_wconf 89' lang='lat' dir='ltr'>hoc</span> <span class='ocrx_word' id='word_1_284' title='bbox 1425 1814 1607 1853; x_wconf 84' lang='lat' dir='ltr'>tenerrimo</span> <span class='ocrx_word' id='word_1_285' title='bbox 1629 1830 1708 1856; x_wconf 83' lang='lat' dir='ltr'>exa-</span> 
     </span>
     <span class='ocr_line' id='line_1_29' title="bbox 242 1875 1707 1924; baseline 0.001 -12"><span class='ocrx_word' id='word_1_286' title='bbox 242 1876 333 1912; x_wconf 89' lang='lat' dir='ltr'>mine</span> <span class='ocrx_word' id='word_1_287' title='bbox 353 1877 491 1914; x_wconf 86' lang='lat' dir='ltr'>humani</span> <span class='ocrx_word' id='word_1_288' title='bbox 514 1877 650 1924; x_wconf 83' lang='lat' dir='ltr'>generis</span> <span class='ocrx_word' id='word_1_289' title='bbox 675 1875 848 1914; x_wconf 70' lang='lat' dir='ltr'>satiasset:</span> <span class='ocrx_word' id='word_1_290' title='bbox 879 1878 988 1922; x_wconf 84' lang='lat' dir='ltr'>pueris</span> <span class='ocrx_word' id='word_1_291' title='bbox 1011 1878 1231 1923; x_wconf 84' lang='lat' dir='ltr'>placentulas,</span> <span class='ocrx_word' id='word_1_292' title='bbox 1255 1877 1461 1922; x_wconf 81' lang='lat' dir='ltr'>tortulasque</span> <span class='ocrx_word' id='word_1_293' title='bbox 1482 1878 1627 1914; x_wconf 71' lang='lat' dir='ltr'>mellitas</span> <span class='ocrx_word' id='word_1_294' title='bbox 1650 1876 1707 1923; x_wconf 88' lang='lat' dir='ltr'>(ut</span> 
     </span>
     <span class='ocr_line' id='line_1_30' title="bbox 242 1933 1706 1977; baseline 0.002 -8"><span class='ocrx_word' id='word_1_295' title='bbox 242 1940 337 1969; x_wconf 86' lang='lat' dir='ltr'>aetas</span> <span class='ocrx_word' id='word_1_296' title='bbox 362 1935 490 1970; x_wconf 87' lang='lat' dir='ltr'>illarum</span> <span class='ocrx_word' id='word_1_297' title='bbox 511 1946 622 1971; x_wconf 89' lang='lat' dir='ltr'>rerum</span> <span class='ocrx_word' id='word_1_298' title='bbox 652 1936 753 1971; x_wconf 88' lang='lat' dir='ltr'>avida</span> <span class='ocrx_word' id='word_1_299' title='bbox 776 1933 852 1977; x_wconf 61' lang='lat' dir='ltr'>est)</span> <span class='ocrx_word' id='word_1_300' title='bbox 884 1935 1073 1971; x_wconf 75' lang='lat' dir='ltr'>distribuit:</span> <span class='ocrx_word' id='word_1_301' title='bbox 1110 1937 1322 1971; x_wconf 84' lang='lat' dir='ltr'>constituens</span> <span class='ocrx_word' id='word_1_302' title='bbox 1352 1935 1394 1969; x_wconf 86' lang='lat' dir='ltr'>ad</span> <span class='ocrx_word' id='word_1_303' title='bbox 1417 1935 1567 1970; x_wconf 86' lang='lat' dir='ltr'>futurum</span> <span class='ocrx_word' id='word_1_304' title='bbox 1589 1945 1706 1972; x_wconf 79' lang='lat' dir='ltr'>eorum</span> 
     </span>
     <span class='ocr_line' id='line_1_31' title="bbox 243 1992 1707 2040; baseline 0.003 -14"><span class='ocrx_word' id='word_1_305' title='bbox 243 1996 450 2028; x_wconf 84' lang='lat' dir='ltr'>conventum</span> <span class='ocrx_word' id='word_1_306' title='bbox 473 2003 648 2028; x_wconf 88' lang='lat' dir='ltr'>nummum</span> <span class='ocrx_word' id='word_1_307' title='bbox 667 1996 873 2038; x_wconf 82' lang='lat' dir='ltr'>argenteum,</span> <span class='ocrx_word' id='word_1_308' title='bbox 895 1993 1077 2039; x_wconf 72' lang='lat' dir='ltr'>signatoria</span> <span class='ocrx_word' id='word_1_309' title='bbox 1091 2003 1154 2030; x_wconf 87' lang='lat' dir='ltr'>sua</span> <span class='ocrx_word' id='word_1_310' title='bbox 1169 2003 1306 2039; x_wconf 87' lang='lat' dir='ltr'>gemma</span> <span class='ocrx_word' id='word_1_311' title='bbox 1328 1999 1492 2032; x_wconf 87' lang='lat' dir='ltr'>notatum.</span> <span class='ocrx_word' id='word_1_312' title='bbox 1504 1992 1541 2031; x_wconf 89' lang='lat' dir='ltr'>in</span> <span class='ocrx_word' id='word_1_313' title='bbox 1553 1993 1707 2040; x_wconf 81' lang='lat' dir='ltr'>sing-ulos</span> 
     </span>
    </p>
   </div>
  </div>
 </body>
</html>
