1862 2472
203 802 495 852 Redeuntibus
530 803 793 855 augustissimi
827 802 1018 856 Principis
1049 803 1177 843 nostri
1211 812 1254 845 et
1286 804 1469 845 Rectoris
1504 802 1681 856 magnifi-

203 867 424 912 centissimi
448 866 569 907 sacris
596 865 798 914 natalitiis,
823 866 927 907 redit
949 876 993 907 et
1014 864 1109 906 festi
1130 868 1418 919 exoptatissimi
1439 867 1676 915 solennitas,

195 932 339 985 ‘gaudia
378 930 571 978 redeunt,
612 929 819 981 gratiarum
860 929 1061 979 actiones,
1106 937 1202 969 vota
1243 930 1374 969 denuo
1412 930 1676 982 nuncupanda.

201 995 416 1037 Celebrate
442 993 579 1045 igitur,
612 992 936 1043 Commilitones,
970 992 1073 1034 hunc
1097 992 1208 1035 diem·
1231 993 1344 1042 laeti,
1379 993 1495 1034 alacri
1520 1001 1677 1042 mente,

199 1057 594 1109 redintegrantes'in
636 1056 774 1097 animis
814 1056 959 1097 vestris
1003 1056 1186 1110 obsequii
1225 1065 1268 1097 et
1306 1056 1451 1096 amoris
1489 1067 1676 1103 sensum,

198 1133 319 1174 quem
371 1121 412 1160 in
459 1120 567 1159 bene
615 1119 827 1159 constituta
874 1118 1075 1170 republica
1122 1118 1288 1171 principi
1341 1117 1479 1158 deberi
1531 1117 1677 1158 intelli-

197 1183 312 1235 gitis,
357 1189 475 1234 atque
515 1192 591 1221 una
628 1180 836 1222 nobiscum
875 1180 952 1221 hoc
991 1193 1012 1221 a
1048 1180 1143 1221 Deo
1182 1181 1396 1221 immortali
1434 1181 1547 1221 omni
1585 1193 1677 1235 sup-

198 1244 455 1314 plIcationum
488 1242 650 1285 fervore
683 1244 916 1297 precamini,
953 1244 1126 1298 primum
1156 1253 1202 1285 ut
1232 1244 1538 1286 sacratissimum
1571 1245 1677 1297 prin-

200 1309 333 1362 cipem
370 1305 650 1360 'augustamque
691 1308 877 1358 domum,
924 1308 1192 1357 incolumem,
1234 1310 1410 1357 salvum,
1454 1308 1675 1361 sospitem,

199 1382 319 1425 quam
345 1369 590 1411 diutissime
593 1381 666 1423 per
691 1370 881 1411 humanae
906 1378 1065 1412 naturae
1094 1371 1366 1412 conditionem
1393 1370 1482 1411 fieri
1514 1378 1672 1422 potest,

200 1433 318 1474 nobis
345 1442 581 1483 conservet3
616 1433 761 1473 deinde
788 1442 833 1473 ut
856 1433 1020 1474 consilia
1047 1433 1131 1485 ejus
1160 1444 1203 1475 et
1226 1432 1327 1475 facta
1353 1434 1474 1474 divini
1501 1432 1672 1472 numinis

201 1497 346 1537 auxilio
382 1507 523 1549 regere
554 1506 597 1538 et
629 1496 676 1538 ad
709 1495 927 1538 communis
962 1496 1110 1550 patriae
1149 1498 1318 1539 salutem
1357 1507 1400 1537 et
1437 1494 1673 1537 felicitatem

202 1554 389 1601 conferre
427 1560 629 1611 dignetur3
673 1569 940 1612 postremum,
990 1573 1244 1614 quaecunque
1280 1560 1461 1612 princeps
1499 1558 1545 1598 ad
1582 1551 1672 1598 fem

197 1618 394 1676 publicam
420 1622 743 1663 confirmandam,
776 1623 1009 1672 augendam,
1044 1624 1254 1663 ornandam
1283 1622 1514 1671 instituerit,
1552 1631 1597 1663 ut
1622 1634 1670 1662 ea

194 1686 308 1727 cives
342 1678 485 1726 libenti
523 1685 653 1725 animo
692 1693 735 1725 et
770 1684 976 1736 religiosa,
1018 1698 1118 1739 quae
1151 1686 1305 1737 legibus
1343 1686 1531 1735 debetur,
1572 1685 1671 1727 obe-

193 1747 343 1789 dientia
373 1749 587 1802 suscipiant
625 1758 667 1790 et
705 1758 978 1803 exsequantur.
1045 1749 1105 1791 Ita
1138 1751 1245 1791 enim
1279 1759 1545 1803 comparatum
1580 1759 1668 1801 est,

195 1810 504 1854 commilitones
518 1841 530 1862 ‚
575 1821 619 1853 ut
656 1814 894 1867 populorum
930 1811 1097 1871 felicitas
1134 1825 1213 1853 non
1247 1813 1377 1853 minus
1413 1813 1523 1864 justo
1564 1814 1670 1866 prin-

195 1873 328 1927 cipum
362 1873 558 1926 imperio,
596 1889 711 1928 quam
743 1875 937 1917 constanti
971 1883 1014 1916 et
1047 1875 1127 1916 fido
1164 1875 1307 1915 civium
1341 1875 1538 1929 obsequio
1555 1897 1559 1900 ·
1576 1889 1668 1918 con-

195 1936 375 1980 tineatur.
421 1935 558 1981 Etiam
580 1938 677 1980 illud
697 1951 773 1992 per
794 1937 904 1991 hujus
927 1938 1189 1991 augustissimi
1209 1935 1305 1980 festi
1327 1940 1666 1994 opportunitatem
