1862 2472
234 133 279 168 3⁰
767 140 864 166 mun«
891 140 933 164 11.
983 140 1062 166 CAP.
1087 140 1142 167 VB

234 223 364 259 inserta
388 219 514 257 Deliciis
533 224 683 265 poetarum
704 215 924 252 Germanorum.
973 217 1121 261 Elegiaci
1143 221 1225 252 sunt
1247 221 1388 262 generiS,
1412 213 1690 267 quemadmodum

237 290 356 322 cetera,
381 290 464 324 quae
486 282 675 321 sequuntur.
728 273 860 309 Uxorem
881 272 1095 319 philosophiam
1118 282 1222 320 poeta
1244 275 1292 310 ita
1315 277 1510 323 alloquitur:

441 359 497 394 Ex
522 356 652 390 cerebro
676 361 840 399 prognata
862 355 952 399 Jovis
975 352 1164 390 ‹iasdssima
1187 357 1341 402 conjunx,

533 413 590 447 Me
612 411 751 456 dignum
773 413 923 448 thalamo
944 412 997 447 fac
1017 423 1181 458 generosa
1205 420 1264 451 tuo
1287 419 1354 450 etc)

335 494 454 529 Vestam
476 499 590 528 autem
612 493 675 528 hac
698 493 833 528 radone
857 494 1051 539 compellat:

437 560 541 598 Vesta
566 573 661 596 meos
685 562 783 608 ignes
807 564 938 609 placato
961 563 1087 608 respice
1108 562 1221 599 vultu:

529 620 575 655 Et
598 619 652 654 fac
671 623 815 657 aeternis
837 628 906 656 stet
928 631 1005 656 mea
1027 620 1163 655 flamma
1187 620 1283 656 focis.
1312 616 1377 657 e'tc.

325 710 468 747 Cetera.
504 720 589 755 quae
614 712 798 747 succedunt
811 738 820 752 ‚
858 712 919 746 has
942 711 1110 745 similesne
1132 698 1242 745 serunr
1265 711 1479 756 epigraphas:
1520 710 1578 748 Aa
1598 711 1696 748 cellam

232 769 402 807 vinariam:
457 766 516 802 Ad
535 778 703 800 nummum:
758 767 817 800 Ad
828 768 995 811 panarium
1015 765 1147 800 Cereris:
1205 764 1265 800 Ad
1284 765 1472 810 Neptunum:
1515 768 1574 802 Ad
1592 770 1696 804 Pana:

231 824 287 861 Ad
307 824 460 861 Dianam.-
507 821 565 858 Ad
590 822 763 858 Silvanum-⁶
810 821 869 858 Ad
887 821 1042 859 Laclmum
1065 833 1179 859 canem:
1200 859 1204 861 ,
1225 821 1283 859 Ad
1302 831 1421 868 equum:
1462 812 1698 865 'Bibliothecamz

231 883 387 921 Balneum.
419 888 473 917 ecc.
499 887 572 921 etc„
599 882 828 927 Postremum:
859 880 919 917 Ad
939 887 1075 917 mortem.-

395 964 518 1001 Omnia
540 972 633 998 mors
656 962 811 1008 perimis:
839 964 925 1009 rapis
949 962 1062 998 omnia
1088 966 1180 1008 parta
1202 961 1323 997 labore.

492 1022 575 1057 Post
597 1026 741 1057 mortem
765 1021 929 1067 probitas,
953 1021 1140 1067 scriptaque
1162 1021 1233 1056 sola
1256 1026 1402 1057 manent.
1429 1021 1431 1023 ’

328 1114 382 1148 Ex
404 1113 666 1158 epigrammate,
692 1113 782 1157 quod
801 1119 898 1147 sexto
922 1112 996 1146 loco
1017 1109 1171 1150 affertur,
1199 1108 1413 1157 conjicimus,
1446 1111 1479 1147 id
1501 1113 1698 1158 opusculum

234 1170 344 1206 referri
366 1170 409 1205 ad
432 1170 517 1204 illud
542 1176 672 1214 tempus
696 1173 854 1213 oportere,
880 1178 947 1212 quo
972 1168 1123 1203 tradebat
1146 1166 1328 1213 Ingolstadii
1349 1175 1455 1204 artem
1477 1170 1642 1214 poeticam
1665 1177 1699 1208 et

240 1226 431 1269 oratoriam,
464 1227 598 1273 publico
621 1226 787 1287 {tipendio
811 1226 997 1261 conductus
1020 1236 1041 1260 a
1063 1225 1235 1272 Principe:
1286 1233 1289 1235 “

830 1303 890 1341 ‘Ad
908 1318 1069 1342 nummum

396 1375 563 1415 Numme‚
595 1381 715 1419 potens
738 1386 868 1415 rerum,
899 1377 959 1420 qui
982 1380 1104 1411 cuncta
1129 1375 1189 1409 sub
1211 1375 1292 1409 orbe
1313 1374 1498 1414 ministras,

497 1430 580 1470 Fac,
609 1440 706 1464 meus
730 1436 867 1464 aeterno
888 1432 1001 1466 luceat
1024 1428 1101 1492 igne
1123 1425 1229 1465 focus.

399 1488 478 1524 Non
505 1499 570 1532 ego
594 1487 758 1522 sollicitus
777 1488 818 1522 de
841 1494 876 1522 te
899 1498 991 1522 sum:
1027 1487 1107 1522 dum
1130 1493 1247 1533 quater
1271 1496 1359 1521 anno

494 1543 639 1589 Princeps
660 1544 840 1590 pollicitam
864 1545 1004 1581 solverit
1026 1555 1101 1580 aere
1125 1544 1235 1580 fidem.

329 1636 457 1681 Quodsi
472 1635 606 1678 Viennae
627 1636 763 1672 demum
787 1638 1023 1678 concinnasset
1043 1638 1106 1676 hos
1123 1635 1322 1673 versiculos:
1345 1634 1381 1672 in
1400 1640 1570 1687 postremo
1588 1641 1702 1683 penta-

239 1699 351 1732 metro
379 1704 438 1738 pro
459 1695 621 1729 vocabulo
645 1694 803 1741 Princeps,
836 1696 1004 1741 posuisset
1025 1697 1074 1735 id,
1107 1695 1196 1740 quod
1230 1700 1282 1729 est
1312 1694 1489 1736 illustrius,
1519 1695 1700 1731 nimirum:

243 1747 365 1789 Cacsar.
413 1750 671 1789 Huchaccedin
706 1753 794 1794 quod
822 1760 1069 1797 pentametrum
1097 1753 1253 1787 ultimum
1266 1751 1442 1788 amissum
1470 1751 1516 1786 sit
1543 1750 1578 1785 in
1592 1756 1595 1761 ¹
1608 1750 1702 1788 libris

244 1808 420 1851 Celticorum
451 1801 755 1853 epigraffimatum3
792 1807 828 1843 iu
850 1808 971 1852 quihus
996 1809 1146 1853 >primum
1177 1808 1337 1846 duntaxat
1367 1806 1411 1842 ad
1435 1807 1594 1847 nmmum
1608 1808 1704 1845 disti⁴

245 1866 334 1901 chon
357 1871 501 1912 apparet.
537 1866 685 1902 Tandem
708 1877 776 1901 non
798 1872 850 1902 est
876 1877 950 1902 vero
967 1865 1090 1906 simile,
1115 1864 1232 1903 Celtems
1255 1865 1311 1911 qui
1335 1867 1576 1912 propemdum
1588 1869 1709 1903 numi

246 1931 377 1970 septem
398 1937 417 1961 e
480 1924 512 1960 ft
532 1922 723 1970 Ingenuam,
751 1912 823 1961 toto
846 1924 904 1961 illo
927 1931 1078 1972 tempore
1096 1935 1254 1965 amusum
1274 1924 1393 1969 fuisse,
1415 1931 1475 1964 aut
1489 1924 1702 1973 athnlm,

246 1988 285 2017 ut
306 1980 395 2018 nulla
475 1983 614 2020 onferret
637 1983 797 2029 opellam,
825 1984 1053 2029 publicandam
1077 1984 1178 2030 typis.
