1862 2472
675 159 850 187 umarus
885 160 931 186 nn
955 148 1101 186 ummo}
1584 151 1624 183 51

176 240 342 278 Abhandl,
366 239 424 277 der
445 240 614 278 ebur-bair.
627 235 751 278 'Acadj
768 243 827 279 der
848 242 1077 285 Wissensch.;
1109 241 1193 277 'illuc
1217 239 1309 278 illata
1332 252 1375 277 ex
1399 240 1514 277 codice
1533 237 1630 275 Hart-

178 301 277 336 manm‘
298 298 459 339 Schedetii,
492 300 613 341 medici
635 300 938 344 Notimbergensis‚
970 300 1079 335 studio
1103 299 1258 344 Lippem'.
1296 300 1353 345 qui
1381 300 1536 345 opinatus
1569 303 1631 342 est,

178 369 253 393 esse
275 356 405 392 inedita.
453 357 503 392 De
521 354 707 394 auctoribus
730 357 925 399 mrmffium,
950 356 1109 406 quoniam
1130 367 1190 401 pro
1205 357 1311 392 nostri
1334 357 1479 393 instituti
1502 357 1632 394 ratione

128 432 152 456 ο
174 416 246 462 jam
267 415 395 452 abunde
418 415 547 460 egimus
569 413 677 460 primo
699 414 823 460 capite,
853 414 1034 460 quietquam
1057 414 1177 450 addere
1201 426 1292 450 nunc
1314 416 1578 461 supersedemus.

334 545 516 594 ‘J'oannes
542 545 715 582 Graccus
738 545 914 588 Pierius,
944 547 1142 583 Romanorum
1165 546 1263 593 Regis
1283 548 1464 588 secretarius.

386 643 476 678 Celtis
496 645 605 679 adest:
640 643 730 678 Celtis
752 644 852 679 Clarii
874 650 956 679 not'a
977 645 1083 689 prima
1104 647 1274 690 triumphi,

474 701 593 735 Gentis
615 701 800 735 Germanae
820 700 941 745 gloria,
976 699 1068 735 Celtis
1088 695 1194 737 adest.

383 757 450 793 Sed
473 769 540 791 non
566 757 655 793 solus
679 759 796 792 adest:
830 768 943 792 sacrae
966 758 1026 801 pia.
1042 759 1136 793 turba
1157 769 1296 800 sorores,

474 813 553 848 Pars
578 814 666 849 idem
689 825 800 853 remo,
833 825 908 858 pars
930 815 1138 860 pedescarpit
1160 816 1234 850 iter.

381 869 485 912 Laeta
508 871 598 911 dies,
629 871 702 906 albo
723 881 893 915 nunquam
916 871 1060 907 caritura
1083 872 1216 917 lapillo}

412 948 416 950 -
475 926 601 972 Accipe
622 928 794 963 candentis
817 928 925 962 lactea
944 929 1040 971 signa
1066 934 1178 963 notae.

382 983 524 1028 spumet
547 984 686 1019 odorato
708 985 873 1027 cristallus
896 995 1020 1029 aquosa
1042 983 1177 1035 salerno,

476 1041 661 1085 Uraturque
686 1043 791 1077 sacris.
808 1043 924 1077 laurea
947 1042 1041 1085 virga
1061 1041 1156 1076 focis.

384 1097 422 1132 In
445 1097 561 1141 primis
580 1097 702 1132 merito
724 1098 860 1133 Phoebo
882 1098 1062 1133 reddantur
1083 1098 1244 1134 honores:

475 1154 678 1197 Thyrsigero
700 1153 782 1189 fiant
802 1154 954 1197 proxima
976 1163 1069 1187 sacra
1088 1153 1169 1187 Deo.

382 1209 476 1244 Haec
499 1220 627 1253 quoque
651 1210 755 1244 Pieria
776 1211 991 1254 passim-vox
1014 1214 1169 1254 personet
1190 1211 1284 1246 aula:

476 1266 652 1302 Musarum
677 1263 784 1307 emis,
814 1275 955 1311 spesque
975 1267 1138 1312 decusque
1163 1267 1264 1303 venit.

346 1385 634 1431 Augustinus
661 1385 941 1426 Olomucensis,
972 1381 1066 1432 Regis
1089 1387 1257 1422 Pannoniae
1282 1387 1458 1424 secretarius.

387 1482 479 1517 Celtis
501 1478 666 1526 Pegaseas
692 1494 787 1518 sacro
810 1489 861 1519 ex·
875 1485 1037 1519 Helicone
1061 1483 1223 1521 Camenas

476 1539 578 1576 Vexit
601 1541 644 1575 ad
665 1538 824 1575 Austriaci
842 1535 919 1577 rura
942 1542 1036 1577 beata
1060 1541 1133 1576 soli.

386 1596 488 1631 Salve
510 1597 612 1639 igitur
631 1597 758 1632 Phoebi
771 1591 888 1633 ‘criniti
911 1606 1024 1633 sancte
1047 1599 1211 1635 sacerdos.

482 1649 573 1684 Celtis
593 1653 780 1687 Germanae
801 1654 907 1696 gloria
930 1657 1053 1698 magna
1077 1661 1176 1698 togae

382 1708 428 1743 Et
450 1718 511 1742 vos
535 1707 732 1752 laurigerae,
764 1709 956 1764 cultissima,
969 1700 1065 1746 turba
1086 1721 1227 1750 sorores,

477 1764 530 1798 Tu
552 1774 684 1809 quoque
706 1765 857 1800 inaurata
881 1766 1020 1810 pulcher
1043 1767 1161 1811 Apollo
1183 1768 1265 1811 lyra.

385 1821 479 1861 Quae
502 1822 596 1858 vobis
618 1822 750 1867 genitus
773 1821 906 1858 Morava
928 1829 1030 1868 gente
1052 1831 1149 1870 poeta
1253 1870 1255 1873 y

481 1873 644 1932 Carmina
657 1881 718 1917 dat
740 1874 842 1917 tenue
864 1881 932 1916 sint
953 1880 1031 1916 licet
1054 1873 1141 1918 orsa'
1156 1882 1268 1919 modo:

383 1933 561 1981 Perpetui,
590 1947 734 1982 quaeso,
766 1939 835 1975 sint
857 1937 954 1991 vobis,
974 1940 1096 1984 pignus
1119 1940 1262 1988 amoris:

477 1991 572 2030 Haec
594 1989 665 2032 sint
681 1989 787 2042 ‘parva
808 1998 902 2038 licet,
933 2004 1031 2034 mens
1051 1998 1105 2043 pia·
1128 2002 1250 2044 magna
1271 1996 1361 2035 facit.
